Time,air_temperature,air_humidity
2025-04-01 00:00:05.000000,44.8,4.16
2025-04-01 00:00:05.000000,4.16,4.16
2025-04-01 00:15:11.000000,4.26,44.87
2025-04-01 00:15:11.000000,44.87,44.87
2025-04-01 00:30:20.000000,44.9,4.4
2025-04-01 00:30:20.000000,4.4,4.4
2025-04-01 00:45:27.000000,45.0,4.19
2025-04-01 00:45:27.000000,4.19,4.19
2025-04-01 01:00:35.000000,44.97,3.58
2025-04-01 01:00:35.000000,3.58,3.58
2025-04-01 01:15:42.000000,3.69,44.99
2025-04-01 01:15:42.000000,44.99,44.99
2025-04-01 01:30:50.000000,3.65,45.02
2025-04-01 01:30:50.000000,45.02,45.02
2025-04-01 01:45:57.000000,3.89,45.06
2025-04-01 01:45:57.000000,45.06,45.06
2025-04-01 02:31:23.000000,3.43,45.19
2025-04-01 02:31:23.000000,45.19,45.19
2025-04-01 02:46:30.000000,3.27,45.09
2025-04-01 02:46:30.000000,45.09,45.09
2025-04-01 03:01:38.000000,3.63,45.23
2025-04-01 03:01:38.000000,45.23,45.23
2025-04-01 03:16:45.000000,3.61,45.29
2025-04-01 03:16:45.000000,45.29,45.29
2025-04-01 03:31:54.000000,45.42,4.32
2025-04-01 03:31:54.000000,4.32,4.32
2025-04-01 03:47:00.000000,45.52,4.31
2025-04-01 03:47:00.000000,4.31,4.31
2025-04-01 04:02:09.000000,45.62,4.23
2025-04-01 04:02:09.000000,4.23,4.23
2025-04-01 04:17:16.000000,4.27,45.64
2025-04-01 04:17:16.000000,45.64,45.64
2025-04-01 04:32:24.000000,45.82,4.66
2025-04-01 04:32:24.000000,4.66,4.66
2025-04-01 04:47:31.000000,45.86,5.1
2025-04-01 04:47:31.000000,5.1,5.1
2025-04-01 06:03:10.000000,45.9,5.84
2025-04-01 06:03:10.000000,5.84,5.84
2025-04-01 06:18:17.000000,45.96,5.91
2025-04-01 06:18:17.000000,5.91,5.91
2025-04-01 06:33:25.000000,45.95,6.17
2025-04-01 06:33:25.000000,6.17,6.17
2025-04-01 06:48:32.000000,6.54,46.05
2025-04-01 06:48:32.000000,46.05,46.05
2025-04-01 07:03:41.000000,46.04,7.2
2025-04-01 07:03:41.000000,7.2,7.2
2025-04-01 07:18:47.000000,7.85,46.1
2025-04-01 07:18:47.000000,46.1,46.1
2025-04-01 07:33:56.000000,46.18,8.95
2025-04-01 07:33:56.000000,8.95,8.95
2025-04-01 07:49:03.000000,45.75,10.65
2025-04-01 07:49:03.000000,10.65,10.65
2025-04-01 08:04:11.000000,45.99,12.48
2025-04-01 08:04:11.000000,12.48,12.48
2025-04-01 08:19:18.000000,16.95,44.66
2025-04-01 08:19:18.000000,44.66,44.66
2025-04-01 08:34:26.000000,19.68,45.7
2025-04-01 08:34:26.000000,45.7,45.7
2025-04-01 08:49:33.000000,47.39,20.83
2025-04-01 08:49:33.000000,20.83,20.83
2025-04-01 09:34:57.000000,0.0,0.0
2025-04-01 09:34:57.000000,0.0,0.0
2025-04-01 09:50:04.000000,0.0,0.0
2025-04-01 09:50:04.000000,0.0,0.0
2025-04-01 10:05:12.000000,0.0,0.0
2025-04-01 10:05:12.000000,0.0,0.0
2025-04-01 10:20:19.000000,0.0,0.0
2025-04-01 10:20:19.000000,0.0,0.0
2025-04-01 10:35:28.000000,19.37,48.14
2025-04-01 10:35:28.000000,48.14,48.14
2025-04-01 10:50:35.000000,19.37,48.14
2025-04-01 10:50:35.000000,48.14,48.14
2025-04-01 11:05:43.000000,0.0,0.0
2025-04-01 11:05:43.000000,0.0,0.0
2025-04-01 11:20:50.000000,0.0,0.0
2025-04-01 11:20:50.000000,0.0,0.0
2025-04-01 11:36:00.000000,0.0,0.0
2025-04-01 11:36:00.000000,0.0,0.0
2025-04-01 11:51:07.000000,0.0,0.0
2025-04-01 11:51:07.000000,0.0,0.0
2025-04-01 12:06:16.000000,0.0,0.0
2025-04-01 12:06:16.000000,0.0,0.0
2025-04-01 12:21:23.000000,0.0,0.0
2025-04-01 12:21:23.000000,0.0,0.0
2025-04-01 12:36:31.000000,0.0,0.0
2025-04-01 12:36:31.000000,0.0,0.0
2025-04-01 12:51:38.000000,47.72,17.82
2025-04-01 12:51:38.000000,17.82,17.82
2025-04-01 13:06:46.000000,47.32,16.43
2025-04-01 13:06:46.000000,16.43,16.43
2025-04-01 13:21:53.000000,46.84,16.88
2025-04-01 13:21:53.000000,16.88,16.88
2025-04-01 13:37:01.000000,47.11,18.13
2025-04-01 13:37:01.000000,18.13,18.13
2025-04-01 13:52:08.000000,15.48,48.06
2025-04-01 13:52:08.000000,48.06,48.06
2025-04-01 14:07:17.000000,15.76,46.27
2025-04-01 14:07:17.000000,46.27,46.27
2025-04-01 14:22:24.000000,14.82,46.36
2025-04-01 14:22:24.000000,46.36,46.36
2025-04-01 14:37:32.000000,14.67,45.78
2025-04-01 14:37:32.000000,45.78,45.78
2025-04-01 14:52:39.000000,46.85,16.34
2025-04-01 14:52:39.000000,16.34,16.34
2025-04-01 15:07:47.000000,13.59,46.15
2025-04-01 15:07:47.000000,46.15,46.15
2025-04-01 15:22:54.000000,13.05,45.61
2025-04-01 15:22:54.000000,45.61,45.61
2025-04-01 15:38:04.000000,45.39,12.73
2025-04-01 15:38:04.000000,12.73,12.73
2025-04-01 15:53:10.000000,45.36,12.55
2025-04-01 15:53:10.000000,12.55,12.55
2025-04-01 16:08:19.000000,11.74,45.32
2025-04-01 16:08:19.000000,45.32,45.32
2025-04-01 16:23:26.000000,11.74,45.15
2025-04-01 16:23:26.000000,45.15,45.15
2025-04-01 16:38:34.000000,11.43,45.1
2025-04-01 16:38:34.000000,45.1,45.1
2025-04-01 16:53:41.000000,11.08,44.99
2025-04-01 16:53:41.000000,44.99,44.99
2025-04-01 18:09:20.000000,9.62,44.7
2025-04-01 18:09:20.000000,44.7,44.7
2025-04-01 18:24:27.000000,44.54,9.35
2025-04-01 18:24:27.000000,9.35,9.35
2025-04-01 18:39:35.000000,44.51,9.19
2025-04-01 18:39:35.000000,9.19,9.19
2025-04-01 18:54:42.000000,44.57,9.19
2025-04-01 18:54:42.000000,9.19,9.19
2025-04-01 19:09:51.000000,44.64,8.95
2025-04-01 19:09:51.000000,8.95,8.95
2025-04-01 19:24:57.000000,44.54,8.74
2025-04-01 19:24:57.000000,8.74,8.74
2025-04-01 19:40:06.000000,44.5,8.98
2025-04-01 19:40:06.000000,8.98,8.98
2025-04-01 19:55:13.000000,44.71,8.59
2025-04-01 19:55:13.000000,8.59,8.59
2025-04-01 20:10:21.000000,44.67,8.61
2025-04-01 20:10:21.000000,8.61,8.61
2025-04-01 20:25:28.000000,44.6,8.67
2025-04-01 20:25:28.000000,8.67,8.67
2025-04-01 20:40:36.000000,44.62,8.72
2025-04-01 20:40:36.000000,8.72,8.72
2025-04-01 20:55:43.000000,44.68,8.8
2025-04-01 20:55:43.000000,8.8,8.8
2025-04-01 21:10:52.000000,44.77,8.57
2025-04-01 21:10:52.000000,8.57,8.57
2025-04-01 21:25:59.000000,8.57,44.76
2025-04-01 21:25:59.000000,44.76,44.76
2025-04-01 21:41:07.000000,44.81,8.5
2025-04-01 21:41:07.000000,8.5,8.5
2025-04-01 21:56:14.000000,44.75,8.52
2025-04-01 21:56:14.000000,8.52,8.52
2025-04-01 22:11:22.000000,44.75,8.31
2025-04-01 22:11:22.000000,8.31,8.31
2025-04-01 22:26:29.000000,44.78,8.42
2025-04-01 22:26:29.000000,8.42,8.42
2025-04-01 23:11:52.000000,44.81,8.62
2025-04-01 23:11:52.000000,8.62,8.62
2025-04-01 23:26:59.000000,8.49,44.9
2025-04-01 23:26:59.000000,44.9,44.9
2025-04-01 23:42:07.000000,8.41,44.95
2025-04-01 23:42:07.000000,44.95,44.95
2025-04-01 23:57:14.000000,44.91,8.43
2025-04-01 23:57:14.000000,8.43,8.43
2025-04-02 00:12:23.000000,8.61,44.9
2025-04-02 00:12:23.000000,44.9,44.9
2025-04-02 00:27:30.000000,45.03,8.52
2025-04-02 00:27:30.000000,8.52,8.52
2025-04-02 00:42:38.000000,45.07,8.01
2025-04-02 00:42:38.000000,8.01,8.01
2025-04-02 00:57:45.000000,44.98,8.06
2025-04-02 00:57:45.000000,8.06,8.06
2025-04-02 01:43:11.000000,7.46,45.04
2025-04-02 01:43:11.000000,45.04,45.04
2025-04-02 01:58:17.000000,45.02,7.13
2025-04-02 01:58:17.000000,7.13,7.13
2025-04-02 01:58:28.000000,45.02,7.12
2025-04-02 01:58:28.000000,7.12,7.12
2025-04-02 01:58:38.000000,45.04,7.13
2025-04-02 01:58:38.000000,7.13,7.13
2025-04-02 02:43:54.000000,44.99,7.14
2025-04-02 02:43:54.000000,7.14,7.14
2025-04-02 02:58:59.000000,7.11,44.98
2025-04-02 02:58:59.000000,44.98,44.98
2025-04-02 03:14:05.000000,7.05,45.05
2025-04-02 03:14:05.000000,45.05,45.05
2025-04-02 03:29:10.000000,45.11,7.12
2025-04-02 03:29:10.000000,7.12,7.12
2025-04-02 03:44:16.000000,7.13,45.16
2025-04-02 03:44:16.000000,45.16,45.16
2025-04-02 03:59:20.000000,7.46,45.14
2025-04-02 03:59:20.000000,45.14,45.14
2025-04-02 04:14:26.000000,7.2,45.24
2025-04-02 04:14:26.000000,45.24,45.24
2025-04-02 04:29:31.000000,45.19,7.05
2025-04-02 04:29:31.000000,7.05,7.05
2025-04-02 04:44:37.000000,6.79,45.31
2025-04-02 04:44:37.000000,45.31,45.31
2025-04-02 04:59:41.000000,45.18,7.07
2025-04-02 04:59:41.000000,7.07,7.07
2025-04-02 05:14:47.000000,6.93,45.28
2025-04-02 05:14:47.000000,45.28,45.28
2025-04-02 05:29:52.000000,45.21,7.19
2025-04-02 05:29:52.000000,7.19,7.19
2025-04-02 05:44:58.000000,45.37,7.59
2025-04-02 05:44:58.000000,7.59,7.59
2025-04-02 06:00:02.000000,7.61,45.46
2025-04-02 06:00:02.000000,45.46,45.46
2025-04-02 06:15:08.000000,7.81,45.42
2025-04-02 06:15:08.000000,45.42,45.42
2025-04-02 06:30:13.000000,45.53,8.1
2025-04-02 06:30:13.000000,8.1,8.1
2025-04-02 06:45:19.000000,8.59,45.57
2025-04-02 06:45:19.000000,45.57,45.57
2025-04-02 07:00:24.000000,8.79,45.75
2025-04-02 07:00:24.000000,45.75,45.75
2025-04-02 07:15:30.000000,9.22,45.87
2025-04-02 07:15:30.000000,45.87,45.87
2025-04-02 07:30:34.000000,9.94,45.97
2025-04-02 07:30:34.000000,45.97,45.97
2025-04-02 07:45:40.000000,45.82,11.67
2025-04-02 07:45:40.000000,11.67,11.67
2025-04-02 08:00:45.000000,13.93,44.86
2025-04-02 08:00:45.000000,44.86,44.86
2025-04-02 08:15:51.000000,17.52,46.19
2025-04-02 08:15:51.000000,46.19,46.19
2025-04-02 08:30:55.000000,19.18,51.92
2025-04-02 08:30:55.000000,51.92,51.92
2025-04-02 08:46:01.000000,49.92,23.85
2025-04-02 08:46:01.000000,23.85,23.85
2025-04-02 09:01:06.000000,23.85,49.92
2025-04-02 09:01:06.000000,49.92,49.92
2025-04-02 09:46:23.000000,0.0,0.0
2025-04-02 09:46:23.000000,0.0,0.0
2025-04-02 10:01:27.000000,0.0,0.0
2025-04-02 10:01:27.000000,0.0,0.0
2025-04-02 10:16:33.000000,0.0,0.0
2025-04-02 10:16:33.000000,0.0,0.0
2025-04-02 10:31:38.000000,0.0,0.0
2025-04-02 10:31:38.000000,0.0,0.0
2025-04-02 10:46:44.000000,0.0,0.0
2025-04-02 10:46:44.000000,0.0,0.0
2025-04-02 11:01:48.000000,0.0,0.0
2025-04-02 11:01:48.000000,0.0,0.0
2025-04-02 11:16:55.000000,0.0,0.0
2025-04-02 11:16:55.000000,0.0,0.0
2025-04-02 11:31:59.000000,0.0,0.0
2025-04-02 11:31:59.000000,0.0,0.0
2025-04-02 11:47:05.000000,0.0,0.0
2025-04-02 11:47:05.000000,0.0,0.0
2025-04-02 12:02:10.000000,0.0,0.0
2025-04-02 12:02:10.000000,0.0,0.0
2025-04-02 12:17:16.000000,0.0,0.0
2025-04-02 12:17:16.000000,0.0,0.0
2025-04-02 12:32:20.000000,0.0,0.0
2025-04-02 12:32:20.000000,0.0,0.0
2025-04-02 12:47:27.000000,0.0,0.0
2025-04-02 12:47:27.000000,0.0,0.0
2025-04-02 13:02:31.000000,0.0,0.0
2025-04-02 13:02:31.000000,0.0,0.0
2025-04-02 13:03:01.000000,21.69,39.93
2025-04-02 13:03:01.000000,39.93,39.93
2025-04-02 13:03:12.000000,40.11,21.75
2025-04-02 13:03:12.000000,21.75,21.75
2025-04-02 13:18:17.000000,44.43,22.18
2025-04-02 13:18:17.000000,22.18,22.18
2025-04-02 13:33:20.000000,44.86,22.58
2025-04-02 13:33:20.000000,22.58,22.58
2025-04-02 13:48:25.000000,46.05,23.15
2025-04-02 13:48:25.000000,23.15,23.15
2025-04-02 14:03:29.000000,44.97,22.53
2025-04-02 14:03:29.000000,22.53,22.53
2025-04-02 14:26:18.024448,28.28,23.14
2025-04-02 14:26:18.024448,23.14,23.14
2025-04-02 14:27:41.000000,44.57,21.98
2025-04-02 14:27:41.000000,21.98,21.98
2025-04-02 14:27:53.000000,44.61,22.02
2025-04-02 14:27:53.000000,22.02,22.02
2025-04-02 14:31:30.400461,23.14,28.28
2025-04-02 14:31:30.400461,28.28,28.28
2025-04-02 14:32:07.463504,28.28,23.14
2025-04-02 14:32:07.463504,23.14,23.14
2025-04-02 14:34:30.168620,28.28,23.14
2025-04-02 14:34:30.168620,23.14,23.14
2025-04-02 14:37:59.465220,23.14,28.28
2025-04-02 14:37:59.465220,28.28,28.28
2025-04-02 14:40:16.000000,24.24,35.83
2025-04-02 14:40:16.000000,35.83,35.83
2025-04-02 14:40:24.000000,24.25,34.1
2025-04-02 14:40:24.000000,34.1,34.1
2025-04-02 14:41:18.024448,169.63,174.77
2025-04-02 14:41:18.024448,174.77,174.77
2025-04-02 14:46:30.400461,174.77,169.63
2025-04-02 14:46:30.400461,169.63,169.63
2025-04-02 14:47:07.463504,169.63,174.77
2025-04-02 14:47:07.463504,174.77,174.77
2025-04-02 14:49:30.168620,169.63,174.77
2025-04-02 14:49:30.168620,174.77,174.77
2025-04-02 14:52:21.415278,23.14,28.28
2025-04-02 14:52:21.415278,28.28,28.28
2025-04-02 14:52:59.465220,169.63,174.77
2025-04-02 14:52:59.465220,174.77,174.77
2025-04-02 15:07:21.415278,174.77,169.63
2025-04-02 15:07:21.415278,169.63,169.63
2025-04-02 15:26:08.000000,26.44,28.42
2025-04-02 15:26:08.000000,28.42,28.42
2025-04-02 15:26:16.000000,26.47,28.44
2025-04-02 15:26:16.000000,28.44,28.44
2025-04-02 15:28:13.000000,27.77,26.61
2025-04-02 15:28:13.000000,26.61,26.61
2025-04-02 15:28:25.000000,26.58,27.77
2025-04-02 15:28:25.000000,27.77,27.77
2025-04-02 15:31:23.000000,35.42,27.16
2025-04-02 15:31:23.000000,27.16,27.16
2025-04-02 15:31:31.000000,34.76,27.18
2025-04-02 15:31:31.000000,27.18,27.18
2025-04-02 15:46:30.000000,32.15,24.95
2025-04-02 15:46:30.000000,24.95,24.95
2025-04-02 16:01:26.000000,24.46,32.05
2025-04-02 16:01:26.000000,32.05,32.05
2025-04-02 16:34:34.000000,32.24,24.27
2025-04-02 16:34:34.000000,24.27,24.27
2025-04-02 16:34:45.000000,32.24,24.3
2025-04-02 16:34:45.000000,24.3,24.3
2025-04-02 16:36:11.000000,32.38,24.41
2025-04-02 16:36:11.000000,24.41,24.41
2025-04-02 16:36:21.000000,32.47,24.41
2025-04-02 16:36:21.000000,24.41,24.41
2025-04-02 16:38:34.000000,29.3,25.78
2025-04-02 16:38:34.000000,25.78,25.78
2025-04-02 16:38:44.000000,29.27,25.75
2025-04-02 16:38:44.000000,25.75,25.75
2025-04-02 16:39:30.000000,28.89,25.95
2025-04-02 16:39:30.000000,25.95,25.95
2025-04-02 16:39:38.000000,25.99,29.13
2025-04-02 16:39:38.000000,29.13,29.13
2025-04-02 16:41:42.000000,41.76,27.05
2025-04-02 16:41:42.000000,27.05,27.05
2025-04-02 16:41:51.000000,27.57,46.32
2025-04-02 16:41:51.000000,46.32,46.32
2025-04-02 16:45:45.000000,29.09,26.51
2025-04-02 16:45:45.000000,26.51,26.51
2025-04-02 16:45:55.000000,29.48,26.51
2025-04-02 16:45:55.000000,26.51,26.51
2025-04-02 16:50:33.000000,29.81,25.37
2025-04-02 16:50:33.000000,25.37,25.37
2025-04-02 16:50:41.000000,29.73,25.28
2025-04-02 16:50:41.000000,25.28,25.28
2025-04-02 16:53:15.000000,34.89,25.92
2025-04-02 16:53:15.000000,25.92,25.92
2025-04-02 16:53:24.000000,30.57,25.84
2025-04-02 16:53:24.000000,25.84,25.84
2025-04-03 08:56:50.000000,48.68,24.66
2025-04-03 08:56:50.000000,24.66,24.66
2025-04-03 08:56:59.000000,48.55,24.71
2025-04-03 08:56:59.000000,24.71,24.71
2025-04-03 09:04:03.000000,24.62,41.18
2025-04-03 09:04:03.000000,41.18,41.18
2025-04-03 09:04:12.000000,41.3,24.63
2025-04-03 09:04:12.000000,24.63,24.63
2025-04-03 09:10:45.000000,42.43,24.22
2025-04-03 09:10:45.000000,24.22,24.22
2025-04-03 09:10:57.000000,42.51,24.18
2025-04-03 09:10:57.000000,24.18,24.18
2025-04-03 09:18:05.000000,24.14,46.76
2025-04-03 09:18:05.000000,46.76,46.76
2025-04-03 09:18:16.000000,46.28,24.15
2025-04-03 09:18:16.000000,24.15,24.15
2025-04-03 09:33:15.000000,45.45,23.69
2025-04-03 09:33:15.000000,23.69,23.69
2025-04-03 09:48:10.000000,23.56,45.37
2025-04-03 09:48:10.000000,45.37,45.37
2025-04-03 09:59:00.000000,22.59,51.72
2025-04-03 09:59:00.000000,51.72,51.72
2025-04-03 09:59:11.000000,22.62,51.32
2025-04-03 09:59:11.000000,51.32,51.32
2025-04-03 10:05:18.000000,24.68,54.25
2025-04-03 10:05:18.000000,54.25,54.25
2025-04-03 10:05:27.000000,24.82,53.64
2025-04-03 10:05:27.000000,53.64,53.64
2025-04-03 10:14:03.000000,24.75,42.38
2025-04-03 10:14:03.000000,42.38,42.38
2025-04-03 10:14:14.000000,24.86,42.14
2025-04-03 10:14:14.000000,42.14,42.14
2025-04-03 10:19:53.000000,24.75,45.03
2025-04-03 10:19:53.000000,45.03,45.03
2025-04-03 10:20:04.000000,44.84,24.69
2025-04-03 10:20:04.000000,24.69,24.69
2025-04-03 10:35:40.000000,24.6,52.38
2025-04-03 10:35:40.000000,52.38,52.38
2025-04-03 10:35:50.000000,24.63,52.38
2025-04-03 10:35:50.000000,52.38,52.38
2025-04-03 10:45:05.000000,25.9,42.16
2025-04-03 10:45:05.000000,42.16,42.16
2025-04-03 10:45:15.000000,25.66,42.59
2025-04-03 10:45:15.000000,42.59,42.59
2025-04-03 11:00:18.000000,31.69,49.5
2025-04-03 11:00:18.000000,49.5,49.5
2025-04-03 11:15:19.000000,33.24,50.43
2025-04-03 11:15:19.000000,50.43,50.43
2025-04-03 11:30:23.000000,50.32,33.09
2025-04-03 11:30:23.000000,33.09,33.09
2025-04-03 11:45:23.000000,49.49,33.56
2025-04-03 11:45:23.000000,33.56,33.56
2025-04-03 12:00:27.000000,48.8,33.58
2025-04-03 12:00:27.000000,33.58,33.58
2025-04-03 12:15:28.000000,47.69,33.98
2025-04-03 12:15:28.000000,33.98,33.98
2025-04-03 12:30:32.000000,48.99,31.21
2025-04-03 12:30:32.000000,31.21,31.21
2025-04-03 12:45:32.000000,48.69,27.16
2025-04-03 12:45:32.000000,27.16,27.16
2025-04-03 13:00:36.000000,46.2,24.56
2025-04-03 13:00:36.000000,24.56,24.56
2025-04-03 13:15:37.000000,45.54,22.16
2025-04-03 13:15:37.000000,22.16,22.16
2025-04-03 13:30:40.000000,44.67,22.81
2025-04-03 13:30:40.000000,22.81,22.81
2025-04-03 13:45:41.000000,44.1,22.9
2025-04-03 13:45:41.000000,22.9,22.9
2025-04-03 14:00:45.000000,44.22,22.95
2025-04-03 14:00:45.000000,22.95,22.95
2025-04-03 14:15:45.000000,44.41,23.62
2025-04-03 14:15:45.000000,23.62,23.62
2025-04-03 14:30:49.000000,44.33,23.11
2025-04-03 14:30:49.000000,23.11,23.11
2025-04-03 14:45:50.000000,43.92,23.63
2025-04-03 14:45:50.000000,23.63,23.63
2025-04-03 15:00:54.000000,44.06,22.7
2025-04-03 15:00:54.000000,22.7,22.7
2025-04-03 15:15:54.000000,44.51,19.67
2025-04-03 15:15:54.000000,19.67,19.67
2025-04-03 15:30:58.000000,44.11,19.04
2025-04-03 15:30:58.000000,19.04,19.04
2025-04-03 15:45:59.000000,43.92,18.69
2025-04-03 15:45:59.000000,18.69,18.69
2025-04-03 16:01:02.000000,43.95,18.39
2025-04-03 16:01:02.000000,18.39,18.39
2025-04-03 16:16:03.000000,44.02,18.13
2025-04-03 16:16:03.000000,18.13,18.13
2025-04-03 16:31:07.000000,43.89,17.94
2025-04-03 16:31:07.000000,17.94,17.94
2025-04-03 16:46:07.000000,43.95,17.62
2025-04-03 16:46:07.000000,17.62,17.62
2025-04-03 17:01:11.000000,43.69,17.24
2025-04-03 17:01:11.000000,17.24,17.24
2025-04-03 17:16:12.000000,43.57,16.72
2025-04-03 17:16:12.000000,16.72,16.72
2025-04-03 17:31:16.000000,43.43,15.96
2025-04-03 17:31:16.000000,15.96,15.96
2025-04-03 17:46:16.000000,43.2,15.38
2025-04-03 17:46:16.000000,15.38,15.38
2025-04-03 18:01:20.000000,43.39,14.08
2025-04-03 18:01:20.000000,14.08,14.08
2025-04-03 18:16:21.000000,43.21,13.42
2025-04-03 18:16:21.000000,13.42,13.42
2025-04-03 18:31:24.000000,43.38,12.74
2025-04-03 18:31:24.000000,12.74,12.74
2025-04-03 18:46:25.000000,43.4,11.98
2025-04-03 18:46:25.000000,11.98,11.98
2025-04-03 19:01:29.000000,42.79,12.25
2025-04-03 19:01:29.000000,12.25,12.25
2025-04-03 19:16:29.000000,42.32,13.03
2025-04-03 19:16:29.000000,13.03,13.03
2025-04-03 19:31:33.000000,42.49,13.81
2025-04-03 19:31:33.000000,13.81,13.81
2025-04-03 19:46:34.000000,42.6,14.09
2025-04-03 19:46:34.000000,14.09,14.09
2025-04-03 20:01:38.000000,43.06,13.65
2025-04-03 20:01:38.000000,13.65,13.65
2025-04-03 20:16:38.000000,42.87,13.77
2025-04-03 20:16:38.000000,13.77,13.77
2025-04-03 20:31:42.000000,43.55,12.71
2025-04-03 20:31:42.000000,12.71,12.71
2025-04-03 20:46:43.000000,43.45,12.6
2025-04-03 20:46:43.000000,12.6,12.6
2025-04-03 21:01:46.000000,43.61,12.89
2025-04-03 21:01:46.000000,12.89,12.89
2025-04-03 21:16:47.000000,43.62,13.01
2025-04-03 21:16:47.000000,13.01,13.01
2025-04-03 21:31:51.000000,43.61,13.03
2025-04-03 21:31:51.000000,13.03,13.03
2025-04-03 21:46:51.000000,43.7,12.76
2025-04-03 21:46:51.000000,12.76,12.76
2025-04-03 22:01:55.000000,43.79,12.49
2025-04-03 22:01:55.000000,12.49,12.49
2025-04-03 22:16:56.000000,43.71,11.25
2025-04-03 22:16:56.000000,11.25,11.25
2025-04-03 22:32:00.000000,43.71,10.05
2025-04-03 22:32:00.000000,10.05,10.05
2025-04-03 22:47:00.000000,43.71,9.17
2025-04-03 22:47:00.000000,9.17,9.17
2025-04-03 23:02:04.000000,43.62,8.68
2025-04-03 23:02:04.000000,8.68,8.68
2025-04-03 23:17:04.000000,43.64,8.2
2025-04-03 23:17:04.000000,8.2,8.2
2025-04-03 23:32:08.000000,43.75,7.67
2025-04-03 23:32:08.000000,7.67,7.67
2025-04-03 23:47:09.000000,43.85,8.2
2025-04-03 23:47:09.000000,8.2,8.2
2025-04-04 00:02:13.000000,43.84,7.79
2025-04-04 00:02:13.000000,7.79,7.79
2025-04-04 00:17:13.000000,44.01,7.66
2025-04-04 00:17:13.000000,7.66,7.66
2025-04-04 00:32:17.000000,44.06,7.75
2025-04-04 00:32:17.000000,7.75,7.75
2025-04-04 00:47:18.000000,7.47,43.9
2025-04-04 00:47:18.000000,43.9,43.9
2025-04-04 01:02:21.000000,7.38,44.13
2025-04-04 01:02:21.000000,44.13,44.13
2025-04-04 01:17:22.000000,6.83,44.13
2025-04-04 01:17:22.000000,44.13,44.13
2025-04-04 01:32:26.000000,6.65,44.2
2025-04-04 01:32:26.000000,44.2,44.2
2025-04-04 01:47:26.000000,6.45,44.06
2025-04-04 01:47:26.000000,44.06,44.06
2025-04-04 02:02:30.000000,6.05,43.98
2025-04-04 02:02:30.000000,43.98,43.98
2025-04-04 02:17:31.000000,5.66,44.01
2025-04-04 02:17:31.000000,44.01,44.01
2025-04-04 02:32:35.000000,5.57,44.06
2025-04-04 02:32:35.000000,44.06,44.06
2025-04-04 02:47:35.000000,5.33,43.91
2025-04-04 02:47:35.000000,43.91,43.91
2025-04-04 03:02:39.000000,5.09,44.09
2025-04-04 03:02:39.000000,44.09,44.09
2025-04-04 03:17:40.000000,4.83,44.06
2025-04-04 03:17:40.000000,44.06,44.06
2025-04-04 03:32:43.000000,4.81,44.24
2025-04-04 03:32:43.000000,44.24,44.24
2025-04-04 03:47:44.000000,4.67,44.17
2025-04-04 03:47:44.000000,44.17,44.17
2025-04-04 04:02:48.000000,4.43,44.35
2025-04-04 04:02:48.000000,44.35,44.35
2025-04-04 04:17:48.000000,4.56,44.42
2025-04-04 04:17:48.000000,44.42,44.42
2025-04-04 04:32:52.000000,4.93,44.64
2025-04-04 04:32:52.000000,44.64,44.64
2025-04-04 04:47:53.000000,44.72,4.7
2025-04-04 04:47:53.000000,4.7,4.7
2025-04-04 05:02:57.000000,44.88,4.42
2025-04-04 05:02:57.000000,4.42,4.42
2025-04-04 05:17:57.000000,44.71,4.38
2025-04-04 05:17:57.000000,4.38,4.38
2025-04-04 05:33:01.000000,44.97,4.45
2025-04-04 05:33:01.000000,4.45,4.45
2025-04-04 05:48:02.000000,45.06,4.96
2025-04-04 05:48:02.000000,4.96,4.96
2025-04-04 06:03:05.000000,45.45,5.55
2025-04-04 06:03:05.000000,5.55,5.55
2025-04-04 06:18:06.000000,45.71,6.12
2025-04-04 06:18:06.000000,6.12,6.12
2025-04-04 06:33:10.000000,45.86,6.67
2025-04-04 06:33:10.000000,6.67,6.67
2025-04-04 06:48:10.000000,46.0,7.74
2025-04-04 06:48:10.000000,7.74,7.74
2025-04-04 07:03:14.000000,46.15,8.66
2025-04-04 07:03:14.000000,8.66,8.66
2025-04-04 07:18:15.000000,46.2,9.31
2025-04-04 07:18:15.000000,9.31,9.31
2025-04-04 07:33:19.000000,46.45,10.54
2025-04-04 07:33:19.000000,10.54,10.54
2025-04-04 07:48:19.000000,47.47,12.34
2025-04-04 07:48:19.000000,12.34,12.34
2025-04-04 08:03:23.000000,50.44,17.59
2025-04-04 08:03:23.000000,17.59,17.59
2025-04-04 08:18:24.000000,23.65,52.72
2025-04-04 08:18:24.000000,52.72,52.72
2025-04-04 08:33:27.000000,26.36,53.37
2025-04-04 08:33:27.000000,53.37,53.37
2025-04-04 08:48:28.000000,28.14,53.14
2025-04-04 08:48:28.000000,53.14,53.14
2025-04-04 09:03:32.000000,52.52,29.46
2025-04-04 09:03:32.000000,29.46,29.46
2025-04-04 09:18:32.000000,52.13,31.31
2025-04-04 09:18:32.000000,31.31,31.31
2025-04-04 10:03:40.000000,32.52,52.64
2025-04-04 10:03:40.000000,52.64,52.64
2025-04-04 10:18:41.000000,33.18,51.08
2025-04-04 10:18:41.000000,51.08,51.08
2025-04-04 10:33:44.000000,50.25,33.12
2025-04-04 10:33:44.000000,33.12,33.12
2025-04-04 10:48:45.000000,34.54,49.33
2025-04-04 10:48:45.000000,49.33,49.33
2025-04-04 11:03:49.000000,49.56,34.4
2025-04-04 11:03:49.000000,34.4,34.4
2025-04-04 11:18:49.000000,49.06,34.82
2025-04-04 11:18:49.000000,34.82,34.82
2025-04-04 11:33:53.000000,47.89,35.31
2025-04-04 11:33:53.000000,35.31,35.31
2025-04-04 11:48:54.000000,47.45,36.76
2025-04-04 11:48:54.000000,36.76,36.76
2025-04-04 12:03:58.000000,47.21,37.28
2025-04-04 12:03:58.000000,37.28,37.28
2025-04-04 12:18:58.000000,38.09,45.58
2025-04-04 12:18:58.000000,45.58,45.58
2025-04-04 12:34:02.000000,46.38,35.33
2025-04-04 12:34:02.000000,35.33,35.33
2025-04-04 12:49:03.000000,27.63,46.58
2025-04-04 12:49:03.000000,46.58,46.58
2025-04-04 13:04:06.000000,45.5,24.72
2025-04-04 13:04:06.000000,24.72,24.72
2025-04-04 13:19:07.000000,22.49,45.15
2025-04-04 13:19:07.000000,45.15,45.15
2025-04-04 13:34:11.000000,44.63,23.77
2025-04-04 13:34:11.000000,23.77,23.77
2025-04-04 13:49:11.000000,44.11,22.13
2025-04-04 13:49:11.000000,22.13,22.13
2025-04-04 14:04:15.000000,25.59,41.74
2025-04-04 14:04:15.000000,41.74,41.74
2025-04-04 14:19:16.000000,25.1,43.56
2025-04-04 14:19:16.000000,43.56,43.56
2025-04-04 14:34:20.000000,25.58,42.63
2025-04-04 14:34:20.000000,42.63,42.63
2025-04-04 14:49:20.000000,43.88,24.34
2025-04-04 14:49:20.000000,24.34,24.34
2025-04-04 15:04:24.000000,43.77,23.34
2025-04-04 15:04:24.000000,23.34,23.34
2025-04-04 15:19:25.000000,20.88,44.02
2025-04-04 15:19:25.000000,44.02,44.02
2025-04-04 15:34:28.000000,20.35,43.68
2025-04-04 15:34:28.000000,43.68,43.68
2025-04-04 15:49:29.000000,43.77,19.93
2025-04-04 15:49:29.000000,19.93,19.93
2025-04-04 16:04:33.000000,19.75,43.68
2025-04-04 16:04:33.000000,43.68,43.68
2025-04-04 16:19:33.000000,19.59,43.62
2025-04-04 16:19:33.000000,43.62,43.62
2025-04-04 16:34:37.000000,19.34,43.35
2025-04-04 16:34:37.000000,43.35,43.35
2025-04-04 16:49:38.000000,43.56,18.99
2025-04-04 16:49:38.000000,18.99,18.99
2025-04-04 17:04:42.000000,43.36,18.65
2025-04-04 17:04:42.000000,18.65,18.65
2025-04-04 17:19:42.000000,43.48,18.24
2025-04-04 17:19:42.000000,18.24,18.24
2025-04-04 17:34:46.000000,43.33,17.5
2025-04-04 17:34:46.000000,17.5,17.5
2025-04-04 17:49:47.000000,17.19,43.16
2025-04-04 17:49:47.000000,43.16,43.16
2025-04-04 18:04:50.000000,43.31,16.21
2025-04-04 18:04:50.000000,16.21,16.21
2025-04-04 18:19:51.000000,14.93,43.35
2025-04-04 18:19:51.000000,43.35,43.35
2025-04-04 18:34:55.000000,13.54,43.12
2025-04-04 18:34:55.000000,43.12,43.12
2025-04-04 18:49:55.000000,13.14,42.63
2025-04-04 18:49:55.000000,42.63,42.63
2025-04-04 19:04:59.000000,42.97,12.04
2025-04-04 19:04:59.000000,12.04,12.04
2025-04-04 19:20:00.000000,11.62,42.95
2025-04-04 19:20:00.000000,42.95,42.95
2025-04-04 19:35:04.000000,42.83,12.32
2025-04-04 19:35:04.000000,12.32,12.32
2025-04-04 19:50:04.000000,12.17,42.94
2025-04-04 19:50:04.000000,42.94,42.94
2025-04-04 20:05:08.000000,42.99,11.52
2025-04-04 20:05:08.000000,11.52,11.52
2025-04-04 20:20:09.000000,42.98,10.44
2025-04-04 20:20:09.000000,10.44,10.44
2025-04-04 20:35:12.000000,42.71,10.68
2025-04-04 20:35:12.000000,10.68,10.68
2025-04-04 20:50:13.000000,42.93,10.95
2025-04-04 20:50:13.000000,10.95,10.95
2025-04-04 21:05:17.000000,11.36,43.6
2025-04-04 21:05:17.000000,43.6,43.6
2025-04-04 21:20:17.000000,11.43,43.45
2025-04-04 21:20:17.000000,43.45,43.45
2025-04-04 21:35:21.000000,11.22,43.52
2025-04-04 21:35:21.000000,43.52,43.52
2025-04-04 21:50:22.000000,43.49,11.6
2025-04-04 21:50:22.000000,11.6,11.6
2025-04-04 22:05:26.000000,43.65,11.23
2025-04-04 22:05:26.000000,11.23,11.23
2025-04-04 22:20:26.000000,43.55,11.46
2025-04-04 22:20:26.000000,11.46,11.46
2025-04-04 22:35:30.000000,43.57,10.82
2025-04-04 22:35:30.000000,10.82,10.82
2025-04-04 22:50:31.000000,9.82,43.55
2025-04-04 22:50:31.000000,43.55,43.55
2025-04-04 23:05:34.000000,8.94,43.53
2025-04-04 23:05:34.000000,43.53,43.53
2025-04-04 23:20:35.000000,43.48,8.44
2025-04-04 23:20:35.000000,8.44,8.44
2025-04-04 23:35:39.000000,43.58,7.98
2025-04-04 23:35:39.000000,7.98,7.98
2025-04-04 23:50:39.000000,8.03,43.63
2025-04-04 23:50:39.000000,43.63,43.63
2025-04-05 00:05:43.000000,7.96,43.71
2025-04-05 00:05:43.000000,43.71,43.71
2025-04-05 00:20:44.000000,43.67,7.39
2025-04-05 00:20:44.000000,7.39,7.39
2025-04-05 00:35:48.000000,7.5,43.62
2025-04-05 00:35:48.000000,43.62,43.62
2025-04-05 00:50:48.000000,7.02,43.76
2025-04-05 00:50:48.000000,43.76,43.76
2025-04-05 01:05:52.000000,43.75,6.7
2025-04-05 01:05:52.000000,6.7,6.7
2025-04-05 01:20:53.000000,6.34,43.87
2025-04-05 01:20:53.000000,43.87,43.87
2025-04-05 01:35:56.000000,6.1,43.78
2025-04-05 01:35:56.000000,43.78,43.78
2025-04-05 01:50:57.000000,5.69,43.61
2025-04-05 01:50:57.000000,43.61,43.61
2025-04-05 02:06:01.000000,43.74,5.55
2025-04-05 02:06:01.000000,5.55,5.55
2025-04-05 02:21:01.000000,43.62,5.36
2025-04-05 02:21:01.000000,5.36,5.36
2025-04-05 02:36:05.000000,43.74,5.13
2025-04-05 02:36:05.000000,5.13,5.13
2025-04-05 02:51:06.000000,4.8,43.9
2025-04-05 02:51:06.000000,43.9,43.9
2025-04-05 03:06:10.000000,4.79,44.12
2025-04-05 03:06:10.000000,44.12,44.12
2025-04-05 03:21:10.000000,4.75,44.21
2025-04-05 03:21:10.000000,44.21,44.21
2025-04-05 03:36:14.000000,4.65,44.11
2025-04-05 03:36:14.000000,44.11,44.11
2025-04-05 03:51:15.000000,4.54,43.78
2025-04-05 03:51:15.000000,43.78,43.78
2025-04-05 04:06:18.000000,43.96,4.22
2025-04-05 04:06:18.000000,4.22,4.22
2025-04-05 04:21:19.000000,4.33,44.4
2025-04-05 04:21:19.000000,44.4,44.4
2025-04-05 04:36:23.000000,4.42,44.57
2025-04-05 04:36:23.000000,44.57,44.57
2025-04-05 04:51:23.000000,44.72,5.3
2025-04-05 04:51:23.000000,5.3,5.3
2025-04-05 05:06:27.000000,44.27,6.69
2025-04-05 05:06:27.000000,6.69,6.69
2025-04-05 05:21:28.000000,45.07,6.66
2025-04-05 05:21:28.000000,6.66,6.66
2025-04-05 05:36:32.000000,6.46,45.43
2025-04-05 05:36:32.000000,45.43,45.43
2025-04-05 05:51:32.000000,45.57,6.51
2025-04-05 05:51:32.000000,6.51,6.51
2025-04-05 06:06:36.000000,45.66,6.64
2025-04-05 06:06:36.000000,6.64,6.64
2025-04-05 06:21:37.000000,45.78,6.92
2025-04-05 06:21:37.000000,6.92,6.92
2025-04-05 06:36:40.000000,46.09,7.67
2025-04-05 06:36:40.000000,7.67,7.67
2025-04-05 06:51:41.000000,46.17,8.6
2025-04-05 06:51:41.000000,8.6,8.6
2025-04-05 07:06:45.000000,9.61,46.48
2025-04-05 07:06:45.000000,46.48,46.48
2025-04-05 07:21:45.000000,10.5,46.6
2025-04-05 07:21:45.000000,46.6,46.6
2025-04-05 07:36:49.000000,11.94,46.86
2025-04-05 07:36:49.000000,46.86,46.86
2025-04-05 07:51:50.000000,14.19,48.26
2025-04-05 07:51:50.000000,48.26,48.26
2025-04-05 08:06:54.000000,51.61,21.39
2025-04-05 08:06:54.000000,21.39,21.39
2025-04-05 08:21:54.000000,26.77,52.93
2025-04-05 08:21:54.000000,52.93,52.93
2025-04-05 09:07:02.000000,30.12,52.74
2025-04-05 09:07:02.000000,52.74,52.74
2025-04-05 09:22:03.000000,52.21,30.81
2025-04-05 09:22:03.000000,30.81,30.81
2025-04-05 09:37:07.000000,51.5,32.57
2025-04-05 09:37:07.000000,32.57,32.57
2025-04-05 09:52:07.000000,32.59,50.93
2025-04-05 09:52:07.000000,50.93,50.93
2025-04-05 10:07:11.000000,33.88,50.43
2025-04-05 10:07:11.000000,50.43,50.43
2025-04-05 10:22:12.000000,49.86,33.61
2025-04-05 10:22:12.000000,33.61,33.61
2025-04-05 11:07:19.000000,48.58,36.16
2025-04-05 11:07:19.000000,36.16,36.16
2025-04-05 11:22:20.000000,47.69,37.07
2025-04-05 11:22:20.000000,37.07,37.07
2025-04-05 11:37:24.000000,36.09,47.92
2025-04-05 11:37:24.000000,47.92,47.92
2025-04-05 11:52:24.000000,37.08,46.48
2025-04-05 11:52:24.000000,46.48,46.48
2025-04-05 12:07:28.000000,46.57,37.07
2025-04-05 12:07:28.000000,37.07,37.07
2025-04-05 12:22:29.000000,37.17,46.33
2025-04-05 12:22:29.000000,46.33,46.33
2025-04-05 12:37:33.000000,30.4,46.93
2025-04-05 12:37:33.000000,46.93,46.93
2025-04-05 12:52:33.000000,45.89,24.12
2025-04-05 12:52:33.000000,24.12,24.12
2025-04-05 13:07:39.000000,44.81,22.65
2025-04-05 13:07:39.000000,22.65,22.65
2025-04-05 13:22:40.000000,45.14,22.53
2025-04-05 13:22:40.000000,22.53,22.53
2025-04-05 13:37:43.000000,22.79,44.26
2025-04-05 13:37:43.000000,44.26,44.26
2025-04-05 13:52:44.000000,44.04,21.27
2025-04-05 13:52:44.000000,21.27,21.27
2025-04-05 14:07:48.000000,21.82,43.48
2025-04-05 14:07:48.000000,43.48,43.48
2025-04-05 14:22:48.000000,43.35,24.83
2025-04-05 14:22:48.000000,24.83,24.83
2025-04-05 14:37:52.000000,25.63,42.76
2025-04-05 14:37:52.000000,42.76,42.76
2025-04-05 14:52:53.000000,44.13,22.24
2025-04-05 14:52:53.000000,22.24,22.24
2025-04-05 15:07:57.000000,43.91,21.9
2025-04-05 15:07:57.000000,21.9,21.9
2025-04-05 15:22:57.000000,20.47,43.64
2025-04-05 15:22:57.000000,43.64,43.64
2025-04-05 15:38:01.000000,20.72,43.72
2025-04-05 15:38:01.000000,43.72,43.72
2025-04-05 15:53:02.000000,43.74,21.24
2025-04-05 15:53:02.000000,21.24,21.24
2025-04-05 16:08:05.000000,20.73,43.72
2025-04-05 16:08:05.000000,43.72,43.72
2025-04-05 16:23:06.000000,43.64,20.47
2025-04-05 16:23:06.000000,20.47,20.47
2025-04-05 16:38:10.000000,20.16,43.48
2025-04-05 16:38:10.000000,43.48,43.48
2025-04-05 16:53:10.000000,19.69,43.21
2025-04-05 16:53:10.000000,43.21,43.21
2025-04-05 17:08:14.000000,43.27,19.17
2025-04-05 17:08:14.000000,19.17,19.17
2025-04-05 17:23:15.000000,19.04,43.25
2025-04-05 17:23:15.000000,43.25,43.25
2025-04-05 17:38:19.000000,18.48,43.13
2025-04-05 17:38:19.000000,43.13,43.13
2025-04-05 17:53:19.000000,42.92,17.87
2025-04-05 17:53:19.000000,17.87,17.87
2025-04-05 18:08:23.000000,42.79,17.19
2025-04-05 18:08:23.000000,17.19,17.19
2025-04-05 18:23:24.000000,42.92,15.91
2025-04-05 18:23:24.000000,15.91,15.91
2025-04-05 18:38:27.000000,14.68,42.83
2025-04-05 18:38:27.000000,42.83,42.83
2025-04-05 18:53:28.000000,42.86,12.93
2025-04-05 18:53:28.000000,12.93,12.93
2025-04-05 19:08:32.000000,42.95,12.54
2025-04-05 19:08:32.000000,12.54,12.54
2025-04-05 19:23:32.000000,43.11,12.66
2025-04-05 19:23:32.000000,12.66,12.66
2025-04-05 19:38:36.000000,42.78,12.91
2025-04-05 19:38:36.000000,12.91,12.91
2025-04-05 19:53:37.000000,43.08,12.33
2025-04-05 19:53:37.000000,12.33,12.33
2025-04-05 20:08:40.000000,11.53,43.03
2025-04-05 20:08:40.000000,43.03,43.03
2025-04-05 20:23:41.000000,11.03,43.11
2025-04-05 20:23:41.000000,43.11,43.11
2025-04-05 20:38:45.000000,43.13,10.71
2025-04-05 20:38:45.000000,10.71,10.71
2025-04-05 20:53:45.000000,43.32,10.77
2025-04-05 20:53:45.000000,10.77,10.77
2025-04-05 21:08:49.000000,43.7,11.64
2025-04-05 21:08:49.000000,11.64,11.64
2025-04-05 21:23:50.000000,43.52,11.49
2025-04-05 21:23:50.000000,11.49,11.49
2025-04-05 21:38:54.000000,43.31,10.65
2025-04-05 21:38:54.000000,10.65,10.65
2025-04-05 21:53:54.000000,43.27,9.88
2025-04-05 21:53:54.000000,9.88,9.88
2025-04-05 22:08:58.000000,9.2,43.25
2025-04-05 22:08:58.000000,43.25,43.25
2025-04-05 22:23:59.000000,8.71,43.21
2025-04-05 22:23:59.000000,43.21,43.21
2025-04-05 22:39:02.000000,43.33,8.67
2025-04-05 22:39:02.000000,8.67,8.67
2025-04-05 22:54:03.000000,8.93,43.61
2025-04-05 22:54:03.000000,43.61,43.61
2025-04-05 23:09:09.000000,8.5,43.4
2025-04-05 23:09:09.000000,43.4,43.4
2025-04-05 23:24:09.000000,8.44,43.53
2025-04-05 23:24:09.000000,43.53,43.53
2025-04-05 23:39:13.000000,8.46,43.73
2025-04-05 23:39:13.000000,43.73,43.73
2025-04-05 23:54:14.000000,7.92,43.54
2025-04-05 23:54:14.000000,43.54,43.54
2025-04-06 00:09:18.000000,43.8,7.75
2025-04-06 00:09:18.000000,7.75,7.75
2025-04-06 00:24:18.000000,7.29,43.7
2025-04-06 00:24:18.000000,43.7,43.7
2025-04-06 00:39:22.000000,43.63,7.13
2025-04-06 00:39:22.000000,7.13,7.13
2025-04-06 00:54:23.000000,6.67,43.58
2025-04-06 00:54:23.000000,43.58,43.58
2025-04-06 01:09:26.000000,6.48,43.72
2025-04-06 01:09:26.000000,43.72,43.72
2025-04-06 01:24:27.000000,7.62,44.01
2025-04-06 01:24:27.000000,44.01,44.01
2025-04-06 01:39:31.000000,8.22,44.5
2025-04-06 01:39:31.000000,44.5,44.5
2025-04-06 01:54:31.000000,44.26,9.15
2025-04-06 01:54:31.000000,9.15,9.15
2025-04-06 02:09:35.000000,9.11,44.48
2025-04-06 02:09:35.000000,44.48,44.48
2025-04-06 02:24:36.000000,9.03,44.5
2025-04-06 02:24:36.000000,44.5,44.5
2025-04-06 02:24:49.000000,9.05,44.53
2025-04-06 02:24:49.000000,44.53,44.53
2025-04-06 02:24:59.000000,9.02,44.52
2025-04-06 02:24:59.000000,44.52,44.52
2025-04-06 02:39:53.000000,44.48,8.72
2025-04-06 02:39:53.000000,8.72,8.72
2025-04-06 02:54:43.000000,8.36,44.52
2025-04-06 02:54:43.000000,44.52,44.52
2025-04-06 03:09:36.000000,8.27,44.44
2025-04-06 03:09:36.000000,44.44,44.44
2025-04-06 03:24:26.000000,44.49,7.67
2025-04-06 03:24:26.000000,7.67,7.67
2025-04-06 04:09:03.000000,7.04,44.47
2025-04-06 04:09:03.000000,44.47,44.47
2025-04-06 04:23:53.000000,7.07,44.43
2025-04-06 04:23:53.000000,44.43,44.43
2025-04-06 04:38:47.000000,44.51,6.49
2025-04-06 04:38:47.000000,6.49,6.49
2025-04-06 04:53:37.000000,6.58,44.54
2025-04-06 04:53:37.000000,44.54,44.54
2025-04-06 05:08:30.000000,6.49,44.65
2025-04-06 05:08:30.000000,44.65,44.65
2025-04-06 05:23:20.000000,44.74,6.65
2025-04-06 05:23:20.000000,6.65,6.65
2025-04-06 05:38:16.000000,7.03,44.93
2025-04-06 05:38:16.000000,44.93,44.93
2025-04-06 05:53:06.000000,45.12,7.14
2025-04-06 05:53:06.000000,7.14,7.14
2025-04-06 06:07:59.000000,7.22,45.2
2025-04-06 06:07:59.000000,45.2,45.2
2025-04-06 06:22:49.000000,45.3,7.26
2025-04-06 06:22:49.000000,7.26,7.26
2025-04-06 06:37:43.000000,7.52,45.33
2025-04-06 06:37:43.000000,45.33,45.33
2025-04-06 06:52:33.000000,7.88,45.51
2025-04-06 06:52:33.000000,45.51,45.51
2025-04-06 07:07:26.000000,8.54,45.6
2025-04-06 07:07:26.000000,45.6,45.6
2025-04-06 07:22:17.000000,45.89,9.14
2025-04-06 07:22:17.000000,9.14,9.14
2025-04-06 07:37:10.000000,46.32,10.16
2025-04-06 07:37:10.000000,10.16,10.16
2025-04-06 07:52:00.000000,48.52,12.19
2025-04-06 07:52:00.000000,12.19,12.19
2025-04-06 08:06:53.000000,51.46,17.16
2025-04-06 08:06:53.000000,17.16,17.16
2025-04-06 08:21:44.000000,21.46,53.32
2025-04-06 08:21:44.000000,53.32,53.32
2025-04-06 08:36:37.000000,53.48,23.56
2025-04-06 08:36:37.000000,23.56,23.56
2025-04-06 08:51:27.000000,24.75,53.75
2025-04-06 08:51:27.000000,53.75,53.75
2025-04-06 09:06:21.000000,25.44,52.59
2025-04-06 09:06:21.000000,52.59,52.59
2025-04-06 09:21:11.000000,24.37,53.58
2025-04-06 09:21:11.000000,53.58,53.58
2025-04-06 09:36:04.000000,52.6,25.76
2025-04-06 09:36:04.000000,25.76,25.76
2025-04-06 09:50:54.000000,54.11,24.12
2025-04-06 09:50:54.000000,24.12,24.12
2025-04-06 10:05:48.000000,52.13,25.28
2025-04-06 10:05:48.000000,25.28,25.28
2025-04-06 10:20:38.000000,26.3,51.77
2025-04-06 10:20:38.000000,51.77,51.77
2025-04-06 10:35:31.000000,27.59,51.49
2025-04-06 10:35:31.000000,51.49,51.49
2025-04-06 10:50:21.000000,26.59,51.63
2025-04-06 10:50:21.000000,51.63,51.63
2025-04-06 11:05:15.000000,27.59,50.97
2025-04-06 11:05:15.000000,50.97,50.97
2025-04-06 11:20:05.000000,51.96,25.66
2025-04-06 11:20:05.000000,25.66,25.66
2025-04-06 12:04:43.000000,48.83,26.83
2025-04-06 12:04:43.000000,26.83,26.83
2025-04-06 12:19:33.000000,27.14,48.28
2025-04-06 12:19:33.000000,48.28,48.28
2025-04-06 12:34:27.000000,22.94,50.15
2025-04-06 12:34:27.000000,50.15,50.15
2025-04-06 12:49:17.000000,17.0,46.74
2025-04-06 12:49:17.000000,46.74,46.74
2025-04-06 13:04:10.000000,45.15,16.18
2025-04-06 13:04:10.000000,16.18,16.18
2025-04-06 13:19:00.000000,16.32,44.62
2025-04-06 13:19:00.000000,44.62,44.62
2025-04-06 13:33:54.000000,44.43,16.74
2025-04-06 13:33:54.000000,16.74,16.74
2025-04-06 13:48:44.000000,44.07,15.17
2025-04-06 13:48:44.000000,15.17,15.17
2025-04-06 14:03:37.000000,15.26,43.46
2025-04-06 14:03:37.000000,43.46,43.46
2025-04-06 14:18:27.000000,17.35,42.25
2025-04-06 14:18:27.000000,42.25,42.25
2025-04-06 14:33:21.000000,16.33,43.33
2025-04-06 14:33:21.000000,43.33,43.33
2025-04-06 14:48:11.000000,43.43,18.21
2025-04-06 14:48:11.000000,18.21,18.21
2025-04-06 15:03:04.000000,17.63,43.13
2025-04-06 15:03:04.000000,43.13,43.13
2025-04-06 15:17:55.000000,14.28,43.78
2025-04-06 15:17:55.000000,43.78,43.78
2025-04-06 15:32:48.000000,13.66,43.13
2025-04-06 15:32:48.000000,43.13,43.13
2025-04-06 15:47:38.000000,13.31,43.04
2025-04-06 15:47:38.000000,43.04,43.04
2025-04-06 16:02:31.000000,13.06,43.02
2025-04-06 16:02:31.000000,43.02,43.02
2025-04-06 16:17:22.000000,12.79,42.96
2025-04-06 16:17:22.000000,42.96,42.96
2025-04-06 16:32:15.000000,12.49,42.97
2025-04-06 16:32:15.000000,42.97,42.97
2025-04-06 16:47:05.000000,43.06,12.39
2025-04-06 16:47:05.000000,12.39,12.39
2025-04-06 17:01:59.000000,11.91,42.89
2025-04-06 17:01:59.000000,42.89,42.89
2025-04-06 17:16:49.000000,11.26,42.95
2025-04-06 17:16:49.000000,42.95,42.95
2025-04-06 17:31:42.000000,10.69,42.82
2025-04-06 17:31:42.000000,42.82,42.82
2025-04-06 17:46:32.000000,10.44,42.6
2025-04-06 17:46:32.000000,42.6,42.6
2025-04-06 18:01:26.000000,10.55,42.58
2025-04-06 18:01:26.000000,42.58,42.58
2025-04-06 18:16:16.000000,42.66,9.78
2025-04-06 18:16:16.000000,9.78,9.78
2025-04-06 18:31:09.000000,9.37,42.61
2025-04-06 18:31:09.000000,42.61,42.61
2025-04-06 18:45:59.000000,8.93,42.6
2025-04-06 18:45:59.000000,42.6,42.6
2025-04-06 19:00:53.000000,42.49,8.52
2025-04-06 19:00:53.000000,8.52,8.52
2025-04-06 19:15:43.000000,8.68,42.52
2025-04-06 19:15:43.000000,42.52,42.52
2025-04-06 19:30:36.000000,8.24,42.53
2025-04-06 19:30:36.000000,42.53,42.53
2025-04-06 19:45:26.000000,42.62,7.73
2025-04-06 19:45:26.000000,7.73,7.73
2025-04-06 20:00:20.000000,7.36,42.72
2025-04-06 20:00:20.000000,42.72,42.72
2025-04-06 20:15:10.000000,7.33,42.67
2025-04-06 20:15:10.000000,42.67,42.67
2025-04-06 20:30:03.000000,7.01,42.7
2025-04-06 20:30:03.000000,42.7,42.7
2025-04-06 20:44:53.000000,6.49,42.63
2025-04-06 20:44:53.000000,42.63,42.63
2025-04-06 20:59:47.000000,42.66,6.2
2025-04-06 20:59:47.000000,6.2,6.2
2025-04-06 21:14:37.000000,5.99,42.74
2025-04-06 21:14:37.000000,42.74,42.74
2025-04-06 21:29:30.000000,5.73,42.8
2025-04-06 21:29:30.000000,42.8,42.8
2025-04-06 21:44:21.000000,5.69,42.87
2025-04-06 21:44:21.000000,42.87,42.87
2025-04-06 21:59:14.000000,5.75,42.9
2025-04-06 21:59:14.000000,42.9,42.9
2025-04-06 22:14:04.000000,5.45,42.91
2025-04-06 22:14:04.000000,42.91,42.91
2025-04-06 22:28:57.000000,42.89,5.21
2025-04-06 22:28:57.000000,5.21,5.21
2025-04-06 22:43:48.000000,5.07,42.97
2025-04-06 22:43:48.000000,42.97,42.97
2025-04-06 22:58:41.000000,4.91,43.07
2025-04-06 22:58:41.000000,43.07,43.07
2025-04-06 23:13:31.000000,4.74,43.08
2025-04-06 23:13:31.000000,43.08,43.08
2025-04-06 23:28:27.000000,4.72,43.05
2025-04-06 23:28:27.000000,43.05,43.05
2025-04-06 23:43:17.000000,4.6,43.08
2025-04-06 23:43:17.000000,43.08,43.08
2025-04-06 23:58:10.000000,4.72,43.15
2025-04-06 23:58:10.000000,43.15,43.15
2025-04-07 00:13:00.000000,4.64,43.21
2025-04-07 00:13:00.000000,43.21,43.21
2025-04-07 00:27:54.000000,4.48,43.33
2025-04-07 00:27:54.000000,43.33,43.33
2025-04-07 00:42:44.000000,3.94,43.37
2025-04-07 00:42:44.000000,43.37,43.37
2025-04-07 00:57:37.000000,3.24,43.13
2025-04-07 00:57:37.000000,43.13,43.13
2025-04-07 01:12:27.000000,2.45,43.06
2025-04-07 01:12:27.000000,43.06,43.06
2025-04-07 01:27:21.000000,1.75,42.62
2025-04-07 01:27:21.000000,42.62,42.62
2025-04-07 01:42:11.000000,2.08,42.52
2025-04-07 01:42:11.000000,42.52,42.52
2025-04-07 01:57:04.000000,42.93,1.48
2025-04-07 01:57:04.000000,1.48,1.48
2025-04-07 02:11:54.000000,1.05,43.2
2025-04-07 02:11:54.000000,43.2,43.2
2025-04-07 02:26:48.000000,0.57,42.99
2025-04-07 02:26:48.000000,42.99,42.99
2025-04-07 02:41:38.000000,0.19,42.86
2025-04-07 02:41:38.000000,42.86,42.86
2025-04-07 02:56:31.000000,-0.12,42.89
2025-04-07 02:56:31.000000,42.89,42.89
2025-04-07 03:11:21.000000,-0.39,42.96
2025-04-07 03:11:21.000000,42.96,42.96
2025-04-07 03:26:15.000000,-0.53,42.81
2025-04-07 03:26:15.000000,42.81,42.81
2025-04-07 03:41:05.000000,-0.62,42.8
2025-04-07 03:41:05.000000,42.8,42.8
2025-04-07 03:55:58.000000,-0.68,42.98
2025-04-07 03:55:58.000000,42.98,42.98
2025-04-07 04:10:49.000000,-0.83,43.29
2025-04-07 04:10:49.000000,43.29,43.29
2025-04-07 04:25:42.000000,-0.87,43.35
2025-04-07 04:25:42.000000,43.35,43.35
2025-04-07 04:40:32.000000,-1.1,43.58
2025-04-07 04:40:32.000000,43.58,43.58
2025-04-07 04:55:25.000000,-1.12,43.24
2025-04-07 04:55:25.000000,43.24,43.24
2025-04-07 05:10:16.000000,-1.22,43.61
2025-04-07 05:10:16.000000,43.61,43.61
2025-04-07 05:25:09.000000,-1.16,43.85
2025-04-07 05:25:09.000000,43.85,43.85
2025-04-07 05:39:59.000000,-0.78,43.78
2025-04-07 05:39:59.000000,43.78,43.78
2025-04-07 05:54:52.000000,-0.04,43.82
2025-04-07 05:54:52.000000,43.82,43.82
2025-04-07 06:09:43.000000,0.27,44.42
2025-04-07 06:09:43.000000,44.42,44.42
2025-04-07 06:24:36.000000,0.83,44.64
2025-04-07 06:24:36.000000,44.64,44.64
2025-04-07 06:39:26.000000,1.62,44.97
2025-04-07 06:39:26.000000,44.97,44.97
2025-04-07 06:54:20.000000,2.5,45.3
2025-04-07 06:54:20.000000,45.3,45.3
2025-04-07 07:09:10.000000,3.27,45.52
2025-04-07 07:09:10.000000,45.52,45.52
2025-04-07 07:24:03.000000,4.24,45.8
2025-04-07 07:24:03.000000,45.8,45.8
2025-04-07 07:38:53.000000,6.45,47.7
2025-04-07 07:38:53.000000,47.7,47.7
2025-04-07 07:53:47.000000,9.3,48.8
2025-04-07 07:53:47.000000,48.8,48.8
2025-04-07 08:08:37.000000,14.71,51.98
2025-04-07 08:08:37.000000,51.98,51.98
2025-04-07 08:23:30.000000,19.01,53.41
2025-04-07 08:23:30.000000,53.41,53.41
2025-04-07 08:38:20.000000,21.77,52.92
2025-04-07 08:38:20.000000,52.92,52.92
2025-04-07 08:53:14.000000,22.28,53.51
2025-04-07 08:53:14.000000,53.51,53.51
2025-04-07 09:08:04.000000,24.13,52.18
2025-04-07 09:08:04.000000,52.18,52.18
2025-04-07 09:22:57.000000,25.67,51.75
2025-04-07 09:22:57.000000,51.75,51.75
2025-04-07 09:37:47.000000,26.67,51.92
2025-04-07 09:37:47.000000,51.92,51.92
2025-04-07 09:52:41.000000,51.96,27.55
2025-04-07 09:52:41.000000,27.55,27.55
2025-04-07 10:07:31.000000,28.03,51.15
2025-04-07 10:07:31.000000,51.15,51.15
2025-04-07 10:22:24.000000,51.65,28.26
2025-04-07 10:22:24.000000,28.26,28.26
2025-04-07 10:37:14.000000,29.75,49.67
2025-04-07 10:37:14.000000,49.67,49.67
2025-04-07 10:52:08.000000,49.27,30.3
2025-04-07 10:52:08.000000,30.3,30.3
2025-04-07 11:06:58.000000,30.62,48.84
2025-04-07 11:06:58.000000,48.84,48.84
2025-04-07 11:21:51.000000,49.8,30.83
2025-04-07 11:21:51.000000,30.83,30.83
2025-04-07 11:36:42.000000,30.81,48.17
2025-04-07 11:36:42.000000,48.17,48.17
2025-04-07 11:51:35.000000,47.32,31.36
2025-04-07 11:51:35.000000,31.36,31.36
2025-04-07 12:06:25.000000,31.11,46.82
2025-04-07 12:06:25.000000,46.82,46.82
2025-04-07 12:51:01.000000,19.09,45.87
2025-04-07 12:51:01.000000,45.87,45.87
2025-04-07 13:05:52.000000,17.0,44.54
2025-04-07 13:05:52.000000,44.54,44.54
2025-04-07 13:20:45.000000,16.41,44.16
2025-04-07 13:20:45.000000,44.16,44.16
2025-04-07 13:35:35.000000,44.58,17.13
2025-04-07 13:35:35.000000,17.13,17.13
2025-04-07 13:50:28.000000,44.0,15.64
2025-04-07 13:50:28.000000,15.64,15.64
2025-04-07 14:05:19.000000,15.47,43.61
2025-04-07 14:05:19.000000,43.61,43.61
2025-04-07 14:20:12.000000,17.16,43.67
2025-04-07 14:20:12.000000,43.67,43.67
2025-04-07 14:35:02.000000,16.98,43.31
2025-04-07 14:35:02.000000,43.31,43.31
2025-04-07 14:49:56.000000,18.62,43.31
2025-04-07 14:49:56.000000,43.31,43.31
2025-04-07 15:04:46.000000,18.58,42.86
2025-04-07 15:04:46.000000,42.86,42.86
2025-04-07 15:19:41.000000,15.35,43.74
2025-04-07 15:19:41.000000,43.74,43.74
2025-04-07 15:34:31.000000,14.43,43.36
2025-04-07 15:34:31.000000,43.36,43.36
2025-04-07 15:49:25.000000,43.28,13.96
2025-04-07 15:49:25.000000,13.96,13.96
2025-04-07 16:04:15.000000,43.25,13.65
2025-04-07 16:04:15.000000,13.65,13.65
2025-04-07 16:19:08.000000,43.18,13.27
2025-04-07 16:19:08.000000,13.27,13.27
2025-04-07 16:33:58.000000,13.04,43.16
2025-04-07 16:33:58.000000,43.16,43.16
2025-04-07 16:48:52.000000,43.19,12.97
2025-04-07 16:48:52.000000,12.97,12.97
2025-04-07 17:03:42.000000,12.47,43.18
2025-04-07 17:03:42.000000,43.18,43.18
2025-04-07 17:18:35.000000,43.07,11.82
2025-04-07 17:18:35.000000,11.82,11.82
2025-04-07 17:33:25.000000,42.93,11.41
2025-04-07 17:33:25.000000,11.41,11.41
2025-04-07 17:48:19.000000,42.91,10.71
2025-04-07 17:48:19.000000,10.71,10.71
2025-04-07 18:03:09.000000,10.14,42.79
2025-04-07 18:03:09.000000,42.79,42.79
2025-04-07 18:18:02.000000,9.1,42.79
2025-04-07 18:18:02.000000,42.79,42.79
2025-04-07 18:32:52.000000,7.86,42.52
2025-04-07 18:32:52.000000,42.52,42.52
2025-04-07 18:47:46.000000,6.98,42.49
2025-04-07 18:47:46.000000,42.49,42.49
2025-04-07 19:02:36.000000,6.73,42.63
2025-04-07 19:02:36.000000,42.63,42.63
2025-04-07 19:17:29.000000,42.67,6.44
2025-04-07 19:17:29.000000,6.44,6.44
2025-04-07 19:32:20.000000,5.92,42.47
2025-04-07 19:32:20.000000,42.47,42.47
2025-04-07 19:47:13.000000,42.52,5.57
2025-04-07 19:47:13.000000,5.57,5.57
2025-04-07 20:02:03.000000,5.21,42.47
2025-04-07 20:02:03.000000,42.47,42.47
2025-04-07 20:16:56.000000,42.87,5.56
2025-04-07 20:16:56.000000,5.56,5.56
2025-04-07 20:31:47.000000,6.79,42.86
2025-04-07 20:31:47.000000,42.86,42.86
2025-04-07 20:46:40.000000,6.82,43.03
2025-04-07 20:46:40.000000,43.03,43.03
2025-04-07 21:01:30.000000,7.35,42.92
2025-04-07 21:01:30.000000,42.92,42.92
2025-04-07 21:16:24.000000,7.7,42.99
2025-04-07 21:16:24.000000,42.99,42.99
2025-04-07 21:31:14.000000,7.89,43.09
2025-04-07 21:31:14.000000,43.09,43.09
2025-04-07 21:46:07.000000,43.02,8.24
2025-04-07 21:46:07.000000,8.24,8.24
2025-04-07 22:00:57.000000,8.26,43.15
2025-04-07 22:00:57.000000,43.15,43.15
2025-04-07 22:15:51.000000,7.75,43.33
2025-04-07 22:15:51.000000,43.33,43.33
2025-04-07 22:30:41.000000,7.64,43.2
2025-04-07 22:30:41.000000,43.2,43.2
2025-04-07 22:45:34.000000,43.39,7.03
2025-04-07 22:45:34.000000,7.03,7.03
2025-04-07 23:00:24.000000,6.77,43.43
2025-04-07 23:00:24.000000,43.43,43.43
2025-04-07 23:15:18.000000,43.28,6.46
2025-04-07 23:15:18.000000,6.46,6.46
2025-04-07 23:30:08.000000,5.9,43.28
2025-04-07 23:30:08.000000,43.28,43.28
2025-04-07 23:45:01.000000,5.69,43.3
2025-04-07 23:45:01.000000,43.3,43.3
2025-04-07 23:59:51.000000,5.71,43.2
2025-04-07 23:59:51.000000,43.2,43.2
2025-04-08 00:14:45.000000,43.31,5.44
2025-04-08 00:14:45.000000,5.44,5.44
2025-04-08 00:29:35.000000,43.47,5.2
2025-04-08 00:29:35.000000,5.2,5.2
2025-04-08 00:44:28.000000,43.09,5.28
2025-04-08 00:44:28.000000,5.28,5.28
2025-04-08 00:59:18.000000,42.98,6.02
2025-04-08 00:59:18.000000,6.02,6.02
2025-04-08 01:14:12.000000,43.06,6.68
2025-04-08 01:14:12.000000,6.68,6.68
2025-04-08 01:29:02.000000,43.19,6.4
2025-04-08 01:29:02.000000,6.4,6.4
2025-04-08 01:43:55.000000,43.19,6.83
2025-04-08 01:43:55.000000,6.83,6.83
2025-04-08 01:58:46.000000,6.38,43.53
2025-04-08 01:58:46.000000,43.53,43.53
2025-04-08 02:13:39.000000,4.83,43.63
2025-04-08 02:13:39.000000,43.63,43.63
2025-04-08 02:28:29.000000,4.14,43.69
2025-04-08 02:28:29.000000,43.69,43.69
2025-04-08 02:43:24.000000,3.61,43.71
2025-04-08 02:43:24.000000,43.71,43.71
2025-04-08 02:58:15.000000,3.08,43.62
2025-04-08 02:58:15.000000,43.62,43.62
2025-04-08 03:13:08.000000,2.51,43.51
2025-04-08 03:13:08.000000,43.51,43.51
2025-04-08 03:27:58.000000,2.13,43.45
2025-04-08 03:27:58.000000,43.45,43.45
2025-04-08 03:42:52.000000,1.9,43.58
2025-04-08 03:42:52.000000,43.58,43.58
2025-04-08 03:57:42.000000,1.26,43.35
2025-04-08 03:57:42.000000,43.35,43.35
2025-04-08 04:12:35.000000,1.14,43.65
2025-04-08 04:12:35.000000,43.65,43.65
2025-04-08 04:27:25.000000,1.24,43.75
2025-04-08 04:27:25.000000,43.75,43.75
2025-04-08 04:42:19.000000,1.14,43.92
2025-04-08 04:42:19.000000,43.92,43.92
2025-04-08 04:57:09.000000,1.08,43.98
2025-04-08 04:57:09.000000,43.98,43.98
2025-04-08 05:12:02.000000,1.0,43.88
2025-04-08 05:12:02.000000,43.88,43.88
2025-04-08 05:26:52.000000,1.06,43.92
2025-04-08 05:26:52.000000,43.92,43.92
2025-04-08 05:41:46.000000,43.89,1.83
2025-04-08 05:41:46.000000,1.83,1.83
2025-04-08 05:56:36.000000,2.39,44.51
2025-04-08 05:56:36.000000,44.51,44.51
2025-04-08 06:11:29.000000,2.9,44.95
2025-04-08 06:11:29.000000,44.95,44.95
2025-04-08 06:26:19.000000,3.44,45.14
2025-04-08 06:26:19.000000,45.14,45.14
2025-04-08 06:41:13.000000,45.39,4.27
2025-04-08 06:41:13.000000,4.27,4.27
2025-04-08 06:56:03.000000,5.21,45.48
2025-04-08 06:56:03.000000,45.48,45.48
2025-04-08 07:10:56.000000,45.8,6.21
2025-04-08 07:10:56.000000,6.21,6.21
2025-04-08 07:25:46.000000,7.28,46.22
2025-04-08 07:25:46.000000,46.22,46.22
2025-04-08 07:40:40.000000,10.68,50.29
2025-04-08 07:40:40.000000,50.29,50.29
2025-04-08 07:55:30.000000,12.56,49.87
2025-04-08 07:55:30.000000,49.87,49.87
2025-04-08 08:10:23.000000,51.81,18.7
2025-04-08 08:10:23.000000,18.7,18.7
2025-04-08 08:25:14.000000,22.66,52.27
2025-04-08 08:25:14.000000,52.27,52.27
2025-04-08 08:40:07.000000,53.33,24.37
2025-04-08 08:40:07.000000,24.37,24.37
2025-04-08 08:54:57.000000,51.56,25.65
2025-04-08 08:54:57.000000,25.65,25.65
2025-04-08 09:09:50.000000,51.91,27.15
2025-04-08 09:09:50.000000,27.15,27.15
2025-04-08 09:24:41.000000,26.75,52.07
2025-04-08 09:24:41.000000,52.07,52.07
2025-04-08 10:39:01.000000,31.69,49.6
2025-04-08 10:39:01.000000,49.6,49.6
2025-04-08 10:53:51.000000,49.56,31.6
2025-04-08 10:53:51.000000,31.6,31.6
2025-04-08 11:08:45.000000,48.62,32.12
2025-04-08 11:08:45.000000,32.12,32.12
2025-04-08 11:23:35.000000,32.62,48.12
2025-04-08 11:23:35.000000,48.12,48.12
2025-04-08 11:38:28.000000,33.07,47.71
2025-04-08 11:38:28.000000,47.71,47.71
2025-04-08 11:53:18.000000,33.6,47.27
2025-04-08 11:53:18.000000,47.27,47.27
2025-04-08 12:08:12.000000,46.53,33.65
2025-04-08 12:08:12.000000,33.65,33.65
2025-04-08 12:23:02.000000,32.98,46.42
2025-04-08 12:23:02.000000,46.42,46.42
2025-04-08 12:37:55.000000,28.35,47.6
2025-04-08 12:37:55.000000,47.6,47.6
2025-04-08 12:52:45.000000,20.76,45.44
2025-04-08 12:52:45.000000,45.44,45.44
2025-04-08 13:37:22.000000,44.08,19.06
2025-04-08 13:37:22.000000,19.06,19.06
2025-04-08 13:52:12.000000,17.89,44.08
2025-04-08 13:52:12.000000,44.08,44.08
2025-04-08 14:07:05.000000,43.75,18.13
2025-04-08 14:07:05.000000,18.13,18.13
2025-04-08 14:21:55.000000,19.27,43.89
2025-04-08 14:21:55.000000,43.89,43.89
2025-04-08 14:36:49.000000,43.71,18.91
2025-04-08 14:36:49.000000,18.91,18.91
2025-04-08 14:51:39.000000,20.44,43.5
2025-04-08 14:51:39.000000,43.5,43.5
2025-04-08 15:06:32.000000,43.4,20.39
2025-04-08 15:06:32.000000,20.39,20.39
2025-04-08 15:21:23.000000,43.87,17.85
2025-04-08 15:21:23.000000,17.85,17.85
2025-04-08 15:36:16.000000,43.62,17.12
2025-04-08 15:36:16.000000,17.12,17.12
2025-04-08 15:51:06.000000,43.48,16.58
2025-04-08 15:51:06.000000,16.58,16.58
2025-04-08 16:05:59.000000,43.39,16.2
2025-04-08 16:05:59.000000,16.2,16.2
2025-04-08 16:20:50.000000,43.33,15.96
2025-04-08 16:20:50.000000,15.96,15.96
2025-04-08 16:35:43.000000,43.27,15.65
2025-04-08 16:35:43.000000,15.65,15.65
2025-04-08 16:50:33.000000,43.2,15.37
2025-04-08 16:50:33.000000,15.37,15.37
2025-04-08 17:05:26.000000,43.23,14.9
2025-04-08 17:05:26.000000,14.9,14.9
2025-04-08 17:20:17.000000,43.11,14.56
2025-04-08 17:20:17.000000,14.56,14.56
2025-04-08 17:20:29.000000,43.08,14.55
2025-04-08 17:20:29.000000,14.55,14.55
2025-04-08 17:20:38.000000,43.09,14.57
2025-04-08 17:20:38.000000,14.57,14.57
2025-04-08 17:35:49.000000,42.91,14.1
2025-04-08 17:35:49.000000,14.1,14.1
2025-04-08 17:50:57.000000,42.81,13.47
2025-04-08 17:50:57.000000,13.47,13.47
2025-04-08 18:06:09.000000,42.76,12.77
2025-04-08 18:06:09.000000,12.77,12.77
2025-04-08 18:21:17.000000,42.67,12.01
2025-04-08 18:21:17.000000,12.01,12.01
2025-04-08 18:36:28.000000,42.66,11.2
2025-04-08 18:36:28.000000,11.2,11.2
2025-04-08 18:51:36.000000,10.18,42.63
2025-04-08 18:51:36.000000,42.63,42.63
2025-04-08 19:06:47.000000,9.28,42.52
2025-04-08 19:06:47.000000,42.52,42.52
2025-04-08 19:21:55.000000,8.71,42.46
2025-04-08 19:21:55.000000,42.46,42.46
2025-04-08 19:37:08.000000,7.84,42.32
2025-04-08 19:37:08.000000,42.32,42.32
2025-04-08 19:52:16.000000,7.26,42.38
2025-04-08 19:52:16.000000,42.38,42.38
2025-04-08 20:07:28.000000,8.88,41.74
2025-04-08 20:07:28.000000,41.74,41.74
2025-04-08 20:22:36.000000,8.07,42.55
2025-04-08 20:22:36.000000,42.55,42.55
2025-04-08 20:37:47.000000,7.44,42.65
2025-04-08 20:37:47.000000,42.65,42.65
2025-04-08 20:52:55.000000,7.12,42.77
2025-04-08 20:52:55.000000,42.77,42.77
2025-04-08 21:08:06.000000,7.39,42.75
2025-04-08 21:08:06.000000,42.75,42.75
2025-04-08 21:23:14.000000,7.15,42.72
2025-04-08 21:23:14.000000,42.72,42.72
2025-04-08 21:38:25.000000,6.93,42.91
2025-04-08 21:38:25.000000,42.91,42.91
2025-04-08 21:53:33.000000,6.5,42.92
2025-04-08 21:53:33.000000,42.92,42.92
2025-04-08 22:08:45.000000,5.92,42.86
2025-04-08 22:08:45.000000,42.86,42.86
2025-04-08 22:23:53.000000,5.71,42.9
2025-04-08 22:23:53.000000,42.9,42.9
2025-04-08 22:39:04.000000,5.49,42.99
2025-04-08 22:39:04.000000,42.99,42.99
2025-04-08 22:54:12.000000,5.29,43.13
2025-04-08 22:54:12.000000,43.13,43.13
2025-04-08 23:09:23.000000,4.89,43.3
2025-04-08 23:09:23.000000,43.3,43.3
2025-04-08 23:24:31.000000,4.67,43.29
2025-04-08 23:24:31.000000,43.29,43.29
2025-04-08 23:39:42.000000,4.41,43.23
2025-04-08 23:39:42.000000,43.23,43.23
2025-04-08 23:54:51.000000,4.32,43.43
2025-04-08 23:54:51.000000,43.43,43.43
2025-04-09 00:10:02.000000,4.73,43.74
2025-04-09 00:10:02.000000,43.74,43.74
2025-04-09 00:25:10.000000,5.03,43.81
2025-04-09 00:25:10.000000,43.81,43.81
2025-04-09 00:40:21.000000,4.73,43.79
2025-04-09 00:40:21.000000,43.79,43.79
2025-04-09 00:55:29.000000,4.24,43.48
2025-04-09 00:55:29.000000,43.48,43.48
2025-04-09 01:10:42.000000,4.03,43.65
2025-04-09 01:10:42.000000,43.65,43.65
2025-04-09 01:25:50.000000,3.98,43.61
2025-04-09 01:25:50.000000,43.61,43.61
2025-04-09 01:41:01.000000,3.71,43.54
2025-04-09 01:41:01.000000,43.54,43.54
2025-04-09 01:56:10.000000,3.6,43.54
2025-04-09 01:56:10.000000,43.54,43.54
2025-04-09 02:11:21.000000,3.42,43.78
2025-04-09 02:11:21.000000,43.78,43.78
2025-04-09 02:26:29.000000,3.24,44.1
2025-04-09 02:26:29.000000,44.1,44.1
2025-04-09 02:41:40.000000,3.11,44.05
2025-04-09 02:41:40.000000,44.05,44.05
2025-04-09 02:56:48.000000,3.11,44.11
2025-04-09 02:56:48.000000,44.11,44.11
2025-04-09 03:11:59.000000,3.03,44.21
2025-04-09 03:11:59.000000,44.21,44.21
2025-04-09 03:27:07.000000,2.83,44.18
2025-04-09 03:27:07.000000,44.18,44.18
2025-04-09 03:42:18.000000,2.79,43.95
2025-04-09 03:42:18.000000,43.95,43.95
2025-04-09 03:57:27.000000,2.38,44.22
2025-04-09 03:57:27.000000,44.22,44.22
2025-04-09 04:12:38.000000,2.38,43.8
2025-04-09 04:12:38.000000,43.8,43.8
2025-04-09 04:27:46.000000,2.18,43.97
2025-04-09 04:27:46.000000,43.97,43.97
2025-04-09 04:42:57.000000,43.71,2.18
2025-04-09 04:42:57.000000,2.18,2.18
2025-04-09 04:58:05.000000,2.21,43.6
2025-04-09 04:58:05.000000,43.6,43.6
2025-04-09 05:13:16.000000,43.98,2.32
2025-04-09 05:13:16.000000,2.32,2.32
2025-04-09 05:28:24.000000,2.82,44.47
2025-04-09 05:28:24.000000,44.47,44.47
2025-04-09 05:43:36.000000,45.19,3.81
2025-04-09 05:43:36.000000,3.81,3.81
2025-04-09 05:58:44.000000,4.81,45.66
2025-04-09 05:58:44.000000,45.66,45.66
2025-04-09 06:13:55.000000,46.35,5.38
2025-04-09 06:13:55.000000,5.38,5.38
2025-04-09 06:29:03.000000,6.29,46.78
2025-04-09 06:29:03.000000,46.78,46.78
2025-04-09 07:14:33.000000,47.04,8.34
2025-04-09 07:14:33.000000,8.34,8.34
2025-04-09 07:29:41.000000,9.22,47.41
2025-04-09 07:29:41.000000,47.41,47.41
2025-04-09 07:44:55.000000,14.05,50.81
2025-04-09 07:44:55.000000,50.81,50.81
2025-04-09 08:00:03.000000,16.28,51.38
2025-04-09 08:00:03.000000,51.38,51.38
2025-04-09 08:15:14.000000,51.86,20.48
2025-04-09 08:15:14.000000,20.48,20.48
2025-04-09 08:30:22.000000,52.27,23.6
2025-04-09 08:30:22.000000,23.6,23.6
2025-04-10 10:31:58.000000,31.01,50.33
2025-04-10 10:31:58.000000,50.33,50.33
2025-04-10 10:47:06.000000,31.79,49.69
2025-04-10 10:47:06.000000,49.69,49.69
2025-04-10 11:02:18.000000,50.0,31.81
2025-04-10 11:02:18.000000,31.81,31.81
2025-04-10 11:17:26.000000,32.14,48.97
2025-04-10 11:17:26.000000,48.97,48.97
2025-04-10 11:32:37.000000,48.6,32.19
2025-04-10 11:32:37.000000,32.19,32.19
2025-04-10 11:47:45.000000,48.35,32.17
2025-04-10 11:47:45.000000,32.17,32.17
2025-04-10 12:02:56.000000,48.12,32.07
2025-04-10 12:02:56.000000,32.07,32.07
2025-04-10 12:18:04.000000,32.03,47.72
2025-04-10 12:18:04.000000,47.72,47.72
2025-04-10 12:33:15.000000,31.59,47.45
2025-04-10 12:33:15.000000,47.45,47.45
2025-04-10 12:48:23.000000,22.01,46.66
2025-04-10 12:48:23.000000,46.66,46.66
2025-04-10 13:03:35.000000,19.06,44.96
2025-04-10 13:03:35.000000,44.96,44.96
2025-04-10 13:18:43.000000,18.27,44.5
2025-04-10 13:18:43.000000,44.5,44.5
2025-04-10 13:33:54.000000,45.16,22.35
2025-04-10 13:33:54.000000,22.35,22.35
2025-04-10 13:49:02.000000,19.59,44.75
2025-04-10 13:49:02.000000,44.75,44.75
2025-04-10 14:04:13.000000,44.74,18.28
2025-04-10 14:04:13.000000,18.28,18.28
2025-04-10 14:19:21.000000,18.02,43.95
2025-04-10 14:19:21.000000,43.95,43.95
2025-04-10 15:04:51.000000,17.04,43.79
2025-04-10 15:04:51.000000,43.79,43.79
2025-04-10 15:19:59.000000,16.75,43.97
2025-04-10 15:19:59.000000,43.97,43.97
2025-04-10 15:35:10.000000,16.5,43.81
2025-04-10 15:35:10.000000,43.81,43.81
2025-04-10 15:50:18.000000,16.19,43.77
2025-04-10 15:50:18.000000,43.77,43.77
2025-04-10 16:05:30.000000,43.82,15.84
2025-04-10 16:05:30.000000,15.84,15.84
2025-04-10 16:20:38.000000,15.58,43.71
2025-04-10 16:20:38.000000,43.71,43.71
2025-04-10 16:35:49.000000,43.69,15.21
2025-04-10 16:35:49.000000,15.21,15.21
2025-04-10 16:50:57.000000,15.1,43.66
2025-04-10 16:50:57.000000,43.66,43.66
2025-04-10 17:06:08.000000,43.68,14.82
2025-04-10 17:06:08.000000,14.82,14.82
2025-04-10 17:21:16.000000,14.28,43.53
2025-04-10 17:21:16.000000,43.53,43.53
2025-04-10 17:36:27.000000,43.44,13.71
2025-04-10 17:36:27.000000,13.71,13.71
2025-04-10 17:51:35.000000,12.75,43.29
2025-04-10 17:51:35.000000,43.29,43.29
2025-04-10 18:06:47.000000,43.25,12.19
2025-04-10 18:06:47.000000,12.19,12.19
2025-04-10 18:21:55.000000,11.37,43.12
2025-04-10 18:21:55.000000,43.12,43.12
2025-04-10 18:37:06.000000,43.0,10.23
2025-04-10 18:37:06.000000,10.23,10.23
2025-04-10 18:52:14.000000,42.79,9.43
2025-04-10 18:52:14.000000,9.43,9.43
2025-04-10 19:07:25.000000,42.78,8.58
2025-04-10 19:07:25.000000,8.58,8.58
2025-04-10 19:22:33.000000,42.65,8.17
2025-04-10 19:22:33.000000,8.17,8.17
2025-04-10 19:37:44.000000,42.69,7.71
2025-04-10 19:37:44.000000,7.71,7.71
2025-04-10 19:52:52.000000,42.83,7.25
2025-04-10 19:52:52.000000,7.25,7.25
2025-04-10 20:08:04.000000,43.02,7.09
2025-04-10 20:08:04.000000,7.09,7.09
2025-04-10 20:23:12.000000,43.11,7.02
2025-04-10 20:23:12.000000,7.02,7.02
2025-04-10 20:38:23.000000,43.21,6.95
2025-04-10 20:38:23.000000,6.95,6.95
2025-04-10 20:53:31.000000,43.32,6.73
2025-04-10 20:53:31.000000,6.73,6.73
2025-04-10 21:08:42.000000,43.52,6.83
2025-04-10 21:08:42.000000,6.83,6.83
2025-04-10 21:23:50.000000,43.62,6.71
2025-04-10 21:23:50.000000,6.71,6.71
2025-04-10 21:39:01.000000,43.66,6.45
2025-04-10 21:39:01.000000,6.45,6.45
2025-04-10 21:54:09.000000,43.49,6.22
2025-04-10 21:54:09.000000,6.22,6.22
2025-04-10 22:09:21.000000,43.47,5.95
2025-04-10 22:09:21.000000,5.95,5.95
2025-04-10 22:24:29.000000,43.48,5.65
2025-04-10 22:24:29.000000,5.65,5.65
2025-04-10 22:39:40.000000,43.35,5.46
2025-04-10 22:39:40.000000,5.46,5.46
2025-04-10 22:54:48.000000,43.62,4.99
2025-04-10 22:54:48.000000,4.99,4.99
2025-04-10 23:09:59.000000,43.51,4.85
2025-04-10 23:09:59.000000,4.85,4.85
2025-04-10 23:25:07.000000,43.86,4.64
2025-04-10 23:25:07.000000,4.64,4.64
2025-04-10 23:40:18.000000,43.74,4.61
2025-04-10 23:40:18.000000,4.61,4.61
2025-04-10 23:55:26.000000,43.75,4.6
2025-04-10 23:55:26.000000,4.6,4.6
2025-04-11 00:10:38.000000,43.73,4.44
2025-04-11 00:10:38.000000,4.44,4.44
2025-04-11 00:25:46.000000,43.92,4.26
2025-04-11 00:25:46.000000,4.26,4.26
2025-04-11 00:40:59.000000,43.96,4.2
2025-04-11 00:40:59.000000,4.2,4.2
2025-04-11 00:56:07.000000,43.94,4.0
2025-04-11 00:56:07.000000,4.0,4.0
2025-04-11 01:11:18.000000,44.05,3.79
2025-04-11 01:11:18.000000,3.79,3.79
2025-04-11 01:26:26.000000,44.32,3.6
2025-04-11 01:26:26.000000,3.6,3.6
2025-04-11 01:41:37.000000,44.01,3.7
2025-04-11 01:41:37.000000,3.7,3.7
2025-04-11 01:56:46.000000,43.72,3.74
2025-04-11 01:56:46.000000,3.74,3.74
2025-04-11 02:11:57.000000,43.98,3.68
2025-04-11 02:11:57.000000,3.68,3.68
2025-04-11 02:27:05.000000,44.29,3.63
2025-04-11 02:27:05.000000,3.63,3.63
2025-04-11 02:42:16.000000,44.15,3.47
2025-04-11 02:42:16.000000,3.47,3.47
2025-04-11 02:57:24.000000,44.29,3.36
2025-04-11 02:57:24.000000,3.36,3.36
2025-04-11 03:12:35.000000,44.09,3.46
2025-04-11 03:12:35.000000,3.46,3.46
2025-04-11 03:27:43.000000,44.34,3.2
2025-04-11 03:27:43.000000,3.2,3.2
2025-04-11 03:42:54.000000,44.15,3.13
2025-04-11 03:42:54.000000,3.13,3.13
2025-04-11 03:58:03.000000,44.78,2.84
2025-04-11 03:58:03.000000,2.84,2.84
2025-04-11 04:13:14.000000,44.53,2.68
2025-04-11 04:13:14.000000,2.68,2.68
2025-04-11 04:28:22.000000,44.85,2.46
2025-04-11 04:28:22.000000,2.46,2.46
2025-04-11 04:43:33.000000,44.73,2.48
2025-04-11 04:43:33.000000,2.48,2.48
2025-04-11 04:58:41.000000,44.73,2.48
2025-04-11 04:58:41.000000,2.48,2.48
2025-04-11 05:13:52.000000,45.21,2.47
2025-04-11 05:13:52.000000,2.47,2.47
2025-04-11 05:29:00.000000,45.51,2.64
2025-04-11 05:29:00.000000,2.64,2.64
2025-04-11 05:44:11.000000,45.93,3.22
2025-04-11 05:44:11.000000,3.22,3.22
2025-04-11 05:59:20.000000,4.12,45.81
2025-04-11 05:59:20.000000,45.81,45.81
2025-04-11 06:14:31.000000,4.56,46.18
2025-04-11 06:14:31.000000,46.18,46.18
2025-04-11 06:29:39.000000,5.18,46.38
2025-04-11 06:29:39.000000,46.38,46.38
2025-04-11 06:44:50.000000,5.83,46.9
2025-04-11 06:44:50.000000,46.9,46.9
2025-04-11 06:59:58.000000,6.66,47.29
2025-04-11 06:59:58.000000,47.29,47.29
2025-04-11 07:15:09.000000,7.55,47.46
2025-04-11 07:15:09.000000,47.46,47.46
2025-04-11 07:30:17.000000,8.86,48.29
2025-04-11 07:30:17.000000,48.29,48.29
2025-04-11 07:45:29.000000,14.54,51.75
2025-04-11 07:45:29.000000,51.75,51.75
2025-04-11 08:00:37.000000,18.12,53.55
2025-04-11 08:00:37.000000,53.55,53.55
2025-04-11 08:15:48.000000,21.89,53.9
2025-04-11 08:15:48.000000,53.9,53.9
2025-04-11 08:30:56.000000,23.93,54.23
2025-04-11 08:30:56.000000,54.23,54.23
2025-04-11 08:46:07.000000,26.25,53.47
2025-04-11 08:46:07.000000,53.47,53.47
2025-04-11 09:01:15.000000,27.99,52.94
2025-04-11 09:01:15.000000,52.94,52.94
2025-04-11 09:31:46.000000,30.19,51.71
2025-04-11 09:31:46.000000,51.71,51.71
2025-04-11 09:31:54.000000,30.23,51.71
2025-04-11 09:31:54.000000,51.71,51.71
2025-04-11 09:47:01.000000,31.52,52.81
2025-04-11 09:47:01.000000,52.81,52.81
2025-04-11 10:02:04.000000,32.35,51.05
2025-04-11 10:02:04.000000,51.05,51.05
2025-04-11 10:47:21.000000,33.06,49.8
2025-04-11 10:47:21.000000,49.8,49.8
2025-04-11 11:02:24.000000,33.24,49.54
2025-04-11 11:02:24.000000,49.54,49.54
2025-04-11 11:17:33.000000,35.14,49.35
2025-04-11 11:17:33.000000,49.35,49.35
2025-04-11 11:32:37.000000,34.4,49.23
2025-04-11 11:32:37.000000,49.23,49.23
2025-04-11 11:47:43.000000,35.12,48.66
2025-04-11 11:47:43.000000,48.66,48.66
2025-04-11 12:02:47.000000,34.6,49.04
2025-04-11 12:02:47.000000,49.04,49.04
2025-04-11 12:17:53.000000,34.62,48.26
2025-04-11 12:17:53.000000,48.26,48.26
2025-04-11 12:32:57.000000,35.4,47.99
2025-04-11 12:32:57.000000,47.99,47.99
2025-04-11 12:48:03.000000,25.19,47.21
2025-04-11 12:48:03.000000,47.21,47.21
2025-04-11 13:03:07.000000,20.51,45.56
2025-04-11 13:03:07.000000,45.56,45.56
2025-04-11 13:18:14.000000,18.73,44.8
2025-04-11 13:18:14.000000,44.8,44.8
2025-04-11 13:33:17.000000,23.54,44.27
2025-04-11 13:33:17.000000,44.27,44.27
2025-04-11 13:48:24.000000,21.32,45.59
2025-04-11 13:48:24.000000,45.59,45.59
2025-04-11 14:03:27.000000,19.43,44.67
2025-04-11 14:03:27.000000,44.67,44.67
2025-04-11 14:18:34.000000,18.64,44.25
2025-04-11 14:18:34.000000,44.25,44.25
2025-04-11 14:33:37.000000,19.12,44.46
2025-04-11 14:33:37.000000,44.46,44.46
2025-04-11 14:48:44.000000,18.26,44.15
2025-04-11 14:48:44.000000,44.15,44.15
2025-04-11 15:03:47.000000,17.86,44.16
2025-04-11 15:03:47.000000,44.16,44.16
2025-04-11 15:49:04.000000,17.45,44.16
2025-04-11 15:49:04.000000,44.16,44.16
2025-04-11 16:04:07.000000,17.32,44.2
2025-04-11 16:04:07.000000,44.2,44.2
2025-04-11 16:19:14.000000,17.27,44.18
2025-04-11 16:19:14.000000,44.18,44.18
2025-04-11 16:34:17.000000,16.82,44.25
2025-04-11 16:34:17.000000,44.25,44.25
2025-04-11 16:49:26.000000,16.51,44.28
2025-04-11 16:49:26.000000,44.28,44.28
2025-04-11 17:04:29.000000,16.46,44.23
2025-04-11 17:04:29.000000,44.23,44.23
2025-04-11 17:19:36.000000,16.14,44.1
2025-04-11 17:19:36.000000,44.1,44.1
2025-04-11 17:34:39.000000,15.6,44.03
2025-04-11 17:34:39.000000,44.03,44.03
2025-04-11 17:49:46.000000,14.65,43.94
2025-04-11 17:49:46.000000,43.94,43.94
2025-04-11 18:04:50.000000,13.73,43.86
2025-04-11 18:04:50.000000,43.86,43.86
2025-04-11 18:19:56.000000,12.78,43.8
2025-04-11 18:19:56.000000,43.8,43.8
2025-04-11 18:35:00.000000,11.77,43.46
2025-04-11 18:35:00.000000,43.46,43.46
2025-04-11 18:50:06.000000,10.69,43.06
2025-04-11 18:50:06.000000,43.06,43.06
2025-04-11 19:05:10.000000,9.8,42.99
2025-04-11 19:05:10.000000,42.99,42.99
2025-04-11 19:20:16.000000,9.25,43.08
2025-04-11 19:20:16.000000,43.08,43.08
2025-04-11 19:35:20.000000,8.86,43.09
2025-04-11 19:35:20.000000,43.09,43.09
2025-04-11 19:50:26.000000,8.48,43.22
2025-04-11 19:50:26.000000,43.22,43.22
2025-04-11 20:05:30.000000,8.34,43.51
2025-04-11 20:05:30.000000,43.51,43.51
2025-04-11 20:20:37.000000,8.51,43.44
2025-04-11 20:20:37.000000,43.44,43.44
2025-04-11 20:35:40.000000,8.13,43.58
2025-04-11 20:35:40.000000,43.58,43.58
2025-04-11 20:50:47.000000,8.57,43.92
2025-04-11 20:50:47.000000,43.92,43.92
2025-04-11 21:05:50.000000,9.91,44.14
2025-04-11 21:05:50.000000,44.14,44.14
2025-04-11 21:20:57.000000,10.04,44.26
2025-04-11 21:20:57.000000,44.26,44.26
2025-04-11 21:36:00.000000,10.48,44.12
2025-04-11 21:36:00.000000,44.12,44.12
2025-04-11 21:51:07.000000,12.69,44.04
2025-04-11 21:51:07.000000,44.04,44.04
2025-04-11 22:06:10.000000,12.46,44.54
2025-04-11 22:06:10.000000,44.54,44.54
2025-04-11 22:21:17.000000,11.33,44.37
2025-04-11 22:21:17.000000,44.37,44.37
2025-04-11 22:36:21.000000,10.26,44.23
2025-04-11 22:36:21.000000,44.23,44.23
2025-04-11 22:51:27.000000,9.18,43.98
2025-04-11 22:51:27.000000,43.98,43.98
2025-04-11 23:06:31.000000,8.27,43.97
2025-04-11 23:06:31.000000,43.97,43.97
2025-04-11 23:21:37.000000,7.75,43.99
2025-04-11 23:21:37.000000,43.99,43.99
2025-04-11 23:36:41.000000,7.24,43.92
2025-04-11 23:36:41.000000,43.92,43.92
2025-04-11 23:51:47.000000,6.87,43.89
2025-04-11 23:51:47.000000,43.89,43.89
2025-04-12 00:06:51.000000,6.73,44.1
2025-04-12 00:06:51.000000,44.1,44.1
2025-04-12 00:21:58.000000,6.68,44.17
2025-04-12 00:21:58.000000,44.17,44.17
2025-04-12 00:37:01.000000,6.42,44.1
2025-04-12 00:37:01.000000,44.1,44.1
2025-04-12 00:52:08.000000,6.11,44.05
2025-04-12 00:52:08.000000,44.05,44.05
2025-04-12 01:07:11.000000,5.95,44.01
2025-04-12 01:07:11.000000,44.01,44.01
2025-04-12 01:22:18.000000,5.78,44.32
2025-04-12 01:22:18.000000,44.32,44.32
2025-04-12 01:37:21.000000,5.9,44.19
2025-04-12 01:37:21.000000,44.19,44.19
2025-04-12 01:52:28.000000,5.54,44.28
2025-04-12 01:52:28.000000,44.28,44.28
2025-04-12 02:07:31.000000,5.19,44.34
2025-04-12 02:07:31.000000,44.34,44.34
2025-04-12 02:22:40.000000,5.12,44.48
2025-04-12 02:22:40.000000,44.48,44.48
2025-04-12 02:37:43.000000,5.04,44.29
2025-04-12 02:37:43.000000,44.29,44.29
2025-04-12 02:52:50.000000,4.91,44.5
2025-04-12 02:52:50.000000,44.5,44.5
2025-04-12 03:07:54.000000,4.82,44.6
2025-04-12 03:07:54.000000,44.6,44.6
2025-04-12 03:23:00.000000,4.67,44.52
2025-04-12 03:23:00.000000,44.52,44.52
2025-04-12 03:38:04.000000,4.5,44.79
2025-04-12 03:38:04.000000,44.79,44.79
2025-04-12 03:53:10.000000,4.41,44.77
2025-04-12 03:53:10.000000,44.77,44.77
2025-04-12 04:08:14.000000,4.28,44.6
2025-04-12 04:08:14.000000,44.6,44.6
2025-04-12 04:23:20.000000,4.24,44.67
2025-04-12 04:23:20.000000,44.67,44.67
2025-04-12 04:38:24.000000,4.14,44.74
2025-04-12 04:38:24.000000,44.74,44.74
2025-04-12 04:53:31.000000,4.12,44.81
2025-04-12 04:53:31.000000,44.81,44.81
2025-04-12 05:08:34.000000,4.07,44.93
2025-04-12 05:08:34.000000,44.93,44.93
2025-04-12 05:23:41.000000,4.22,44.88
2025-04-12 05:23:41.000000,44.88,44.88
2025-04-12 05:38:44.000000,4.76,44.91
2025-04-12 05:38:44.000000,44.91,44.91
2025-04-12 05:53:51.000000,5.32,45.38
2025-04-12 05:53:51.000000,45.38,45.38
2025-04-12 06:08:54.000000,5.92,45.64
2025-04-12 06:08:54.000000,45.64,45.64
2025-04-12 06:24:01.000000,6.41,46.01
2025-04-12 06:24:01.000000,46.01,46.01
2025-04-12 06:39:04.000000,7.04,47.03
2025-04-12 06:39:04.000000,47.03,47.03
2025-04-12 06:54:11.000000,7.97,47.55
2025-04-12 06:54:11.000000,47.55,47.55
2025-04-12 07:09:15.000000,9.25,47.92
2025-04-12 07:09:15.000000,47.92,47.92
2025-04-12 07:24:21.000000,10.78,48.55
2025-04-12 07:24:21.000000,48.55,48.55
2025-04-12 07:39:25.000000,16.38,53.08
2025-04-12 07:39:25.000000,53.08,53.08
2025-04-12 07:54:31.000000,18.69,52.23
2025-04-12 07:54:31.000000,52.23,52.23
2025-04-12 08:09:35.000000,53.52,23.57
2025-04-12 08:09:35.000000,23.57,23.57
2025-04-12 08:24:41.000000,53.14,26.47
2025-04-12 08:24:41.000000,26.47,26.47
2025-04-12 08:39:45.000000,29.45,53.33
2025-04-12 08:39:45.000000,53.33,53.33
2025-04-12 08:54:51.000000,52.69,30.62
2025-04-12 08:54:51.000000,30.62,30.62
2025-04-12 09:09:55.000000,31.88,52.96
2025-04-12 09:09:55.000000,52.96,52.96
2025-04-12 09:25:02.000000,52.36,33.08
2025-04-12 09:25:02.000000,33.08,33.08
2025-04-12 09:40:05.000000,33.48,52.09
2025-04-12 09:40:05.000000,52.09,52.09
2025-04-12 09:55:12.000000,51.06,34.79
2025-04-12 09:55:12.000000,34.79,34.79
2025-04-12 10:10:15.000000,35.11,51.12
2025-04-12 10:10:15.000000,51.12,51.12
2025-04-12 10:25:22.000000,50.84,35.15
2025-04-12 10:25:22.000000,35.15,35.15
2025-04-12 10:40:25.000000,50.23,35.89
2025-04-12 10:40:25.000000,35.89,35.89
2025-04-12 10:55:32.000000,50.36,36.09
2025-04-12 10:55:32.000000,36.09,36.09
2025-04-12 11:10:35.000000,36.92,49.91
2025-04-12 11:10:35.000000,49.91,49.91
2025-04-12 11:25:42.000000,38.06,48.89
2025-04-12 11:25:42.000000,48.89,48.89
2025-04-12 11:40:46.000000,39.01,48.5
2025-04-12 11:40:46.000000,48.5,48.5
2025-04-12 11:55:52.000000,47.64,38.79
2025-04-12 11:55:52.000000,38.79,38.79
2025-04-12 12:10:56.000000,40.33,47.37
2025-04-12 12:10:56.000000,47.37,47.37
2025-04-12 12:26:02.000000,39.8,47.13
2025-04-12 12:26:02.000000,47.13,47.13
2025-04-12 12:41:06.000000,33.78,47.63
2025-04-12 12:41:06.000000,47.63,47.63
2025-04-12 12:56:12.000000,45.68,26.14
2025-04-12 12:56:12.000000,26.14,26.14
2025-04-12 13:11:16.000000,23.1,44.95
2025-04-12 13:11:16.000000,44.95,44.95
2025-04-12 13:26:23.000000,44.47,22.58
2025-04-12 13:26:23.000000,22.58,22.58
2025-04-12 13:41:26.000000,22.35,44.46
2025-04-12 13:41:26.000000,44.46,44.46
2025-04-12 13:56:33.000000,44.62,23.5
2025-04-12 13:56:33.000000,23.5,23.5
2025-04-12 14:11:36.000000,24.06,44.94
2025-04-12 14:11:36.000000,44.94,44.94
2025-04-12 14:26:43.000000,45.04,24.59
2025-04-12 14:26:43.000000,24.59,24.59
2025-04-12 14:41:46.000000,45.03,23.85
2025-04-12 14:41:46.000000,23.85,23.85
2025-04-12 14:56:53.000000,44.78,22.91
2025-04-12 14:56:53.000000,22.91,22.91
2025-04-12 15:11:56.000000,44.54,21.94
2025-04-12 15:11:56.000000,21.94,21.94
2025-04-12 15:27:03.000000,44.39,21.56
2025-04-12 15:27:03.000000,21.56,21.56
2025-04-12 15:42:07.000000,44.4,21.48
2025-04-12 15:42:07.000000,21.48,21.48
2025-04-12 16:27:23.000000,44.41,21.14
2025-04-12 16:27:23.000000,21.14,21.14
2025-04-12 16:42:26.000000,44.43,21.08
2025-04-12 16:42:26.000000,21.08,21.08
2025-04-12 16:57:33.000000,44.39,20.5
2025-04-12 16:57:33.000000,20.5,20.5
2025-04-12 17:12:36.000000,44.2,19.44
2025-04-12 17:12:36.000000,19.44,19.44
2025-04-12 17:27:43.000000,43.93,18.61
2025-04-12 17:27:43.000000,18.61,18.61
2025-04-12 17:42:46.000000,43.65,17.2
2025-04-12 17:42:46.000000,17.2,17.2
2025-04-12 17:57:53.000000,43.65,16.61
2025-04-12 17:57:53.000000,16.61,16.61
2025-04-12 18:12:57.000000,43.63,15.96
2025-04-12 18:12:57.000000,15.96,15.96
2025-04-12 18:58:13.000000,43.7,15.0
2025-04-12 18:58:13.000000,15.0,15.0
2025-04-12 19:13:17.000000,43.76,14.67
2025-04-12 19:13:17.000000,14.67,14.67
2025-04-12 19:58:33.000000,43.82,15.17
2025-04-12 19:58:33.000000,15.17,15.17
2025-04-12 20:13:37.000000,44.08,15.32
2025-04-12 20:13:37.000000,15.32,15.32
2025-04-12 20:28:46.000000,44.16,14.78
2025-04-12 20:28:46.000000,14.78,14.78
2025-04-12 20:43:49.000000,44.02,15.04
2025-04-12 20:43:49.000000,15.04,15.04
2025-04-12 20:58:56.000000,44.13,15.56
2025-04-12 20:58:56.000000,15.56,15.56
2025-04-12 21:13:59.000000,44.5,14.96
2025-04-12 21:13:59.000000,14.96,14.96
2025-04-12 21:29:06.000000,44.53,14.62
2025-04-12 21:29:06.000000,14.62,14.62
2025-04-12 21:44:09.000000,44.58,14.56
2025-04-12 21:44:09.000000,14.56,14.56
2025-04-12 21:59:16.000000,44.58,14.29
2025-04-12 21:59:16.000000,14.29,14.29
2025-04-12 22:14:19.000000,44.63,14.17
2025-04-12 22:14:19.000000,14.17,14.17
2025-04-12 22:59:36.000000,44.86,14.79
2025-04-12 22:59:36.000000,14.79,14.79
2025-04-12 23:14:40.000000,44.69,15.42
2025-04-12 23:14:40.000000,15.42,15.42
2025-04-12 23:29:46.000000,44.58,15.34
2025-04-12 23:29:46.000000,15.34,15.34
2025-04-12 23:44:50.000000,44.72,15.15
2025-04-12 23:44:50.000000,15.15,15.15
2025-04-12 23:59:56.000000,44.86,14.69
2025-04-12 23:59:56.000000,14.69,14.69
2025-04-13 00:15:00.000000,44.92,14.39
2025-04-13 00:15:00.000000,14.39,14.39
2025-04-13 01:00:17.000000,45.12,13.74
2025-04-13 01:00:17.000000,13.74,13.74
2025-04-13 01:15:20.000000,44.94,13.4
2025-04-13 01:15:20.000000,13.4,13.4
2025-04-13 01:30:27.000000,44.69,12.71
2025-04-13 01:30:27.000000,12.71,12.71
2025-04-13 01:45:30.000000,44.78,12.15
2025-04-13 01:45:30.000000,12.15,12.15
2025-04-13 02:30:47.000000,45.14,12.64
2025-04-13 02:30:47.000000,12.64,12.64
2025-04-13 02:45:51.000000,45.24,13.64
2025-04-13 02:45:51.000000,13.64,13.64
2025-04-13 03:00:57.000000,45.42,13.91
2025-04-13 03:00:57.000000,13.91,13.91
2025-04-13 03:16:01.000000,45.56,14.1
2025-04-13 03:16:01.000000,14.1,14.1
2025-04-13 04:01:17.000000,45.56,13.7
2025-04-13 04:01:17.000000,13.7,13.7
2025-04-13 04:16:21.000000,45.65,13.69
2025-04-13 04:16:21.000000,13.69,13.69
2025-04-13 04:31:28.000000,45.73,13.68
2025-04-13 04:31:28.000000,13.68,13.68
2025-04-13 04:46:31.000000,45.75,13.73
2025-04-13 04:46:31.000000,13.73,13.73
2025-04-13 05:01:38.000000,45.84,13.7
2025-04-13 05:01:38.000000,13.7,13.7
2025-04-13 05:16:41.000000,45.86,13.66
2025-04-13 05:16:41.000000,13.66,13.66
2025-04-13 06:01:58.000000,45.64,12.44
2025-04-13 06:01:58.000000,12.44,12.44
2025-04-13 06:17:01.000000,45.73,12.64
2025-04-13 06:17:01.000000,12.64,12.64
2025-04-13 07:02:18.000000,46.1,13.5
2025-04-13 07:02:18.000000,13.5,13.5
2025-04-13 07:17:22.000000,46.42,13.72
2025-04-13 07:17:22.000000,13.72,13.72
2025-04-13 08:02:38.000000,46.72,14.05
2025-04-13 08:02:38.000000,14.05,14.05
2025-04-13 08:17:42.000000,47.05,14.67
2025-04-13 08:17:42.000000,14.67,14.67
2025-04-13 08:32:48.000000,47.6,15.67
2025-04-13 08:32:48.000000,15.67,15.67
2025-04-13 08:47:52.000000,47.56,15.56
2025-04-13 08:47:52.000000,15.56,15.56
2025-04-13 09:03:01.000000,47.29,15.02
2025-04-13 09:03:01.000000,15.02,15.02
2025-04-13 09:18:04.000000,47.3,14.7
2025-04-13 09:18:04.000000,14.7,14.7
2025-04-13 09:33:11.000000,47.38,14.71
2025-04-13 09:33:11.000000,14.71,14.71
2025-04-13 09:48:14.000000,47.49,15.11
2025-04-13 09:48:14.000000,15.11,15.11
2025-04-13 10:33:31.000000,48.68,18.41
2025-04-13 10:33:31.000000,18.41,18.41
2025-04-13 10:48:34.000000,49.64,20.55
2025-04-13 10:48:34.000000,20.55,20.55
2025-04-13 11:33:51.000000,48.49,18.39
2025-04-13 11:33:51.000000,18.39,18.39
2025-04-13 11:48:55.000000,48.69,18.72
2025-04-13 11:48:55.000000,18.72,18.72
2025-04-13 12:04:01.000000,48.62,18.5
2025-04-13 12:04:01.000000,18.5,18.5
2025-04-13 12:19:05.000000,48.71,19.17
2025-04-13 12:19:05.000000,19.17,19.17
2025-04-13 12:34:11.000000,48.99,20.56
2025-04-13 12:34:11.000000,20.56,20.56
2025-04-13 12:49:15.000000,49.8,22.37
2025-04-13 12:49:15.000000,22.37,22.37
2025-04-13 13:04:21.000000,50.01,23.24
2025-04-13 13:04:21.000000,23.24,23.24
2025-04-13 13:19:25.000000,49.75,22.27
2025-04-13 13:19:25.000000,22.27,22.27
2025-04-13 13:34:32.000000,49.45,22.29
2025-04-13 13:34:32.000000,22.29,22.29
2025-04-13 13:49:35.000000,48.95,20.37
2025-04-13 13:49:35.000000,20.37,20.37
2025-04-13 14:04:42.000000,48.54,20.15
2025-04-13 14:04:42.000000,20.15,20.15
2025-04-13 14:19:45.000000,48.45,21.47
2025-04-13 14:19:45.000000,21.47,21.47
2025-04-13 14:34:52.000000,48.02,20.23
2025-04-13 14:34:52.000000,20.23,20.23
2025-04-13 14:49:55.000000,47.83,19.71
2025-04-13 14:49:55.000000,19.71,19.71
2025-04-13 15:05:02.000000,47.56,18.73
2025-04-13 15:05:02.000000,18.73,18.73
2025-04-13 15:20:05.000000,47.19,17.95
2025-04-13 15:20:05.000000,17.95,17.95
2025-04-13 15:35:12.000000,46.78,17.23
2025-04-13 15:35:12.000000,17.23,17.23
2025-04-13 15:50:16.000000,46.94,17.88
2025-04-13 15:50:16.000000,17.88,17.88
2025-04-13 16:05:22.000000,47.37,18.99
2025-04-13 16:05:22.000000,18.99,18.99
2025-04-13 16:20:26.000000,47.07,18.19
2025-04-13 16:20:26.000000,18.19,18.19
2025-04-13 17:05:42.000000,46.35,16.06
2025-04-13 17:05:42.000000,16.06,16.06
2025-04-13 17:20:45.000000,46.15,15.6
2025-04-13 17:20:45.000000,15.6,15.6
2025-04-13 17:35:52.000000,46.07,15.03
2025-04-13 17:35:52.000000,15.03,15.03
2025-04-13 17:50:55.000000,45.95,14.44
2025-04-13 17:50:55.000000,14.44,14.44
2025-04-13 18:06:02.000000,45.84,13.92
2025-04-13 18:06:02.000000,13.92,13.92
2025-04-13 18:21:06.000000,45.75,13.16
2025-04-13 18:21:06.000000,13.16,13.16
2025-04-13 18:36:12.000000,45.64,12.61
2025-04-13 18:36:12.000000,12.61,12.61
2025-04-13 18:51:16.000000,45.63,11.92
2025-04-13 18:51:16.000000,11.92,11.92
2025-04-13 19:06:22.000000,45.67,11.62
2025-04-13 19:06:22.000000,11.62,11.62
2025-04-13 19:21:26.000000,45.98,11.58
2025-04-13 19:21:26.000000,11.58,11.58
2025-04-13 19:36:32.000000,46.49,12.02
2025-04-13 19:36:32.000000,12.02,12.02
2025-04-13 19:51:36.000000,46.73,12.53
2025-04-13 19:51:36.000000,12.53,12.53
2025-04-13 20:06:43.000000,46.85,12.92
2025-04-13 20:06:43.000000,12.92,12.92
2025-04-13 20:21:46.000000,46.8,13.08
2025-04-13 20:21:46.000000,13.08,13.08
2025-04-13 20:36:53.000000,46.84,12.99
2025-04-13 20:36:53.000000,12.99,12.99
2025-04-13 20:51:56.000000,46.71,12.77
2025-04-13 20:51:56.000000,12.77,12.77
2025-04-13 21:07:03.000000,46.86,12.76
2025-04-13 21:07:03.000000,12.76,12.76
2025-04-13 21:22:06.000000,46.87,12.91
2025-04-13 21:22:06.000000,12.91,12.91
2025-04-13 21:37:13.000000,46.86,12.91
2025-04-13 21:37:13.000000,12.91,12.91
2025-04-13 21:52:16.000000,46.82,12.6
2025-04-13 21:52:16.000000,12.6,12.6
2025-04-13 22:07:23.000000,46.84,12.26
2025-04-13 22:07:23.000000,12.26,12.26
2025-04-13 22:22:26.000000,46.93,12.14
2025-04-13 22:22:26.000000,12.14,12.14
2025-04-13 22:37:33.000000,47.03,12.14
2025-04-13 22:37:33.000000,12.14,12.14
2025-04-13 22:52:37.000000,47.12,12.17
2025-04-13 22:52:37.000000,12.17,12.17
2025-04-13 23:07:43.000000,47.17,12.2
2025-04-13 23:07:43.000000,12.2,12.2
2025-04-13 23:22:47.000000,47.22,12.21
2025-04-13 23:22:47.000000,12.21,12.21
2025-04-13 23:37:53.000000,47.31,12.17
2025-04-13 23:37:53.000000,12.17,12.17
2025-04-13 23:52:57.000000,47.36,12.06
2025-04-13 23:52:57.000000,12.06,12.06
2025-04-14 00:08:03.000000,50.18,12.0
2025-04-14 00:08:03.000000,12.0,12.0
2025-04-14 00:23:07.000000,51.41,12.01
2025-04-14 00:23:07.000000,12.01,12.01
2025-04-14 00:38:14.000000,52.57,12.02
2025-04-14 00:38:14.000000,12.02,12.02
2025-04-14 00:53:17.000000,53.21,11.95
2025-04-14 00:53:17.000000,11.95,11.95
2025-04-14 01:08:24.000000,53.83,11.91
2025-04-14 01:08:24.000000,11.91,11.91
2025-04-14 01:23:27.000000,54.27,11.79
2025-04-14 01:23:27.000000,11.79,11.79
2025-04-14 01:23:44.000000,54.29,11.79
2025-04-14 01:23:44.000000,11.79,11.79
2025-04-14 01:23:56.000000,54.3,11.79
2025-04-14 01:23:56.000000,11.79,11.79
2025-04-14 01:39:08.000000,54.65,11.69
2025-04-14 01:39:08.000000,11.69,11.69
2025-04-14 01:54:18.000000,55.15,11.69
2025-04-14 01:54:18.000000,11.69,11.69
2025-04-14 02:39:53.000000,56.25,11.61
2025-04-14 02:39:53.000000,11.61,11.61
2025-04-14 02:55:02.000000,56.54,11.57
2025-04-14 02:55:02.000000,11.57,11.57
2025-04-14 03:10:15.000000,56.88,11.51
2025-04-14 03:10:15.000000,11.51,11.51
2025-04-14 03:25:24.000000,57.03,11.53
2025-04-14 03:25:24.000000,11.53,11.53
2025-04-14 03:40:37.000000,57.23,11.54
2025-04-14 03:40:37.000000,11.54,11.54
2025-04-14 03:55:46.000000,57.44,11.62
2025-04-14 03:55:46.000000,11.62,11.62
2025-04-14 04:10:59.000000,57.74,11.59
2025-04-14 04:10:59.000000,11.59,11.59
2025-04-14 04:26:08.000000,58.07,11.64
2025-04-14 04:26:08.000000,11.64,11.64
2025-04-14 04:41:21.000000,58.45,11.65
2025-04-14 04:41:21.000000,11.65,11.65
2025-04-14 04:56:30.000000,58.74,11.58
2025-04-14 04:56:30.000000,11.58,11.58
2025-04-14 05:11:43.000000,59.08,11.39
2025-04-14 05:11:43.000000,11.39,11.39
2025-04-14 05:26:52.000000,59.31,11.27
2025-04-14 05:26:52.000000,11.27,11.27
2025-04-14 05:42:05.000000,60.32,12.16
2025-04-14 05:42:05.000000,12.16,12.16
2025-04-14 05:57:15.000000,12.2,60.49
2025-04-14 05:57:15.000000,60.49,60.49
2025-04-14 06:42:49.000000,12.19,60.84
2025-04-14 06:42:49.000000,60.84,60.84
2025-04-14 06:57:59.000000,14.1,62.28
2025-04-14 06:57:59.000000,62.28,62.28
2025-04-14 07:13:11.000000,15.15,62.52
2025-04-14 07:13:11.000000,62.52,62.52
2025-04-14 07:28:21.000000,16.56,63.94
2025-04-14 07:28:21.000000,63.94,63.94
2025-04-14 07:43:34.000000,19.95,65.27
2025-04-14 07:43:34.000000,65.27,65.27
2025-04-14 07:58:43.000000,20.72,62.68
2025-04-14 07:58:43.000000,62.68,62.68
2025-04-14 08:13:56.000000,21.71,63.92
2025-04-14 08:13:56.000000,63.92,63.92
2025-04-14 08:29:05.000000,23.41,63.99
2025-04-14 08:29:05.000000,63.99,63.99
2025-04-14 08:44:18.000000,25.15,64.73
2025-04-14 08:44:18.000000,64.73,64.73
2025-04-14 08:59:27.000000,26.09,63.15
2025-04-14 08:59:27.000000,63.15,63.15
2025-04-14 09:14:40.000000,30.12,62.82
2025-04-14 09:14:40.000000,62.82,62.82
2025-04-14 09:29:49.000000,32.02,61.29
2025-04-14 09:29:49.000000,61.29,61.29
2025-04-14 09:45:02.000000,33.14,60.7
2025-04-14 09:45:02.000000,60.7,60.7
2025-04-14 10:00:11.000000,32.61,60.78
2025-04-14 10:00:11.000000,60.78,60.78
2025-04-14 10:45:46.000000,32.43,58.56
2025-04-14 10:45:46.000000,58.56,58.56
2025-04-14 11:00:56.000000,29.73,57.19
2025-04-14 11:00:56.000000,57.19,57.19
2025-04-14 11:16:08.000000,31.38,57.57
2025-04-14 11:16:08.000000,57.57,57.57
2025-04-14 11:31:18.000000,32.76,56.93
2025-04-14 11:31:18.000000,56.93,56.93
2025-04-14 11:46:30.000000,35.78,57.25
2025-04-14 11:46:30.000000,57.25,57.25
2025-04-14 12:01:40.000000,37.33,57.4
2025-04-14 12:01:40.000000,57.4,57.4
2025-04-14 12:16:52.000000,31.69,56.02
2025-04-14 12:16:52.000000,56.02,56.02
2025-04-14 12:32:02.000000,30.23,55.13
2025-04-14 12:32:02.000000,55.13,55.13
2025-04-14 12:47:15.000000,25.77,54.31
2025-04-14 12:47:15.000000,54.31,54.31
2025-04-14 13:02:24.000000,23.31,53.15
2025-04-14 13:02:24.000000,53.15,53.15
2025-04-14 13:17:37.000000,21.98,52.55
2025-04-14 13:17:37.000000,52.55,52.55
2025-04-14 13:32:46.000000,21.84,52.6
2025-04-14 13:32:46.000000,52.6,52.6
2025-04-14 13:47:59.000000,21.24,51.95
2025-04-14 13:47:59.000000,51.95,51.95
2025-04-14 14:03:08.000000,21.23,51.73
2025-04-14 14:03:08.000000,51.73,51.73
2025-04-14 14:48:43.000000,19.79,51.43
2025-04-14 14:48:43.000000,51.43,51.43
2025-04-14 15:03:52.000000,20.11,51.58
2025-04-14 15:03:52.000000,51.58,51.58
2025-04-14 15:19:05.000000,20.58,51.66
2025-04-14 15:19:05.000000,51.66,51.66
2025-04-14 15:34:14.000000,21.24,52.0
2025-04-14 15:34:14.000000,52.0,52.0
2025-04-14 15:49:28.000000,21.71,52.13
2025-04-14 15:49:28.000000,52.13,52.13
2025-04-14 16:04:38.000000,21.15,51.76
2025-04-14 16:04:38.000000,51.76,51.76
2025-04-14 16:19:50.000000,20.18,51.37
2025-04-14 16:19:50.000000,51.37,51.37
2025-04-14 16:35:00.000000,19.53,51.17
2025-04-14 16:35:00.000000,51.17,51.17
2025-04-14 16:50:12.000000,18.87,51.02
2025-04-14 16:50:12.000000,51.02,51.02
2025-04-14 17:05:22.000000,18.55,50.77
2025-04-14 17:05:22.000000,50.77,50.77
2025-04-14 17:50:56.000000,17.52,50.39
2025-04-14 17:50:56.000000,50.39,50.39
2025-04-14 18:06:05.000000,17.12,50.2
2025-04-14 18:06:05.000000,50.2,50.2
2025-04-14 18:21:18.000000,16.45,50.08
2025-04-14 18:21:18.000000,50.08,50.08
2025-04-14 18:36:27.000000,15.63,50.03
2025-04-14 18:36:27.000000,50.03,50.03
2025-04-14 18:51:40.000000,15.06,50.01
2025-04-14 18:51:40.000000,50.01,50.01
2025-04-14 19:06:50.000000,14.2,49.7
2025-04-14 19:06:50.000000,49.7,49.7
2025-04-14 19:22:02.000000,13.53,49.5
2025-04-14 19:22:02.000000,49.5,49.5
2025-04-14 19:37:12.000000,13.31,49.7
2025-04-14 19:37:12.000000,49.7,49.7
2025-04-14 19:52:24.000000,13.77,50.08
2025-04-14 19:52:24.000000,50.08,50.08
2025-04-14 20:07:34.000000,13.4,50.09
2025-04-14 20:07:34.000000,50.09,50.09
2025-04-14 20:22:46.000000,13.29,50.37
2025-04-14 20:22:46.000000,50.37,50.37
2025-04-14 20:37:56.000000,13.37,50.44
2025-04-14 20:37:56.000000,50.44,50.44
2025-04-14 21:23:31.000000,12.19,50.3
2025-04-14 21:23:31.000000,50.3,50.3
2025-04-14 21:38:40.000000,12.68,50.58
2025-04-14 21:38:40.000000,50.58,50.58
2025-04-14 21:53:53.000000,12.45,50.57
2025-04-14 21:53:53.000000,50.57,50.57
2025-04-14 22:09:02.000000,12.41,50.69
2025-04-14 22:09:02.000000,50.69,50.69
2025-04-14 22:24:15.000000,13.17,51.08
2025-04-14 22:24:15.000000,51.08,51.08
2025-04-14 22:39:24.000000,12.94,50.92
2025-04-14 22:39:24.000000,50.92,50.92
2025-04-14 22:54:37.000000,12.88,51.03
2025-04-14 22:54:37.000000,51.03,51.03
2025-04-14 23:09:46.000000,12.56,50.84
2025-04-14 23:09:46.000000,50.84,50.84
2025-04-14 23:24:59.000000,12.14,50.67
2025-04-14 23:24:59.000000,50.67,50.67
2025-04-14 23:40:08.000000,11.71,50.43
2025-04-14 23:40:08.000000,50.43,50.43
2025-04-14 23:55:21.000000,11.61,50.23
2025-04-14 23:55:21.000000,50.23,50.23
2025-04-15 00:10:31.000000,11.38,50.35
2025-04-15 00:10:31.000000,50.35,50.35
2025-04-15 00:25:43.000000,11.24,50.58
2025-04-15 00:25:43.000000,50.58,50.58
2025-04-15 00:40:53.000000,11.14,50.35
2025-04-15 00:40:53.000000,50.35,50.35
2025-04-15 00:56:05.000000,10.94,50.48
2025-04-15 00:56:05.000000,50.48,50.48
2025-04-15 01:11:15.000000,10.84,50.77
2025-04-15 01:11:15.000000,50.77,50.77
2025-04-15 01:26:27.000000,10.72,50.67
2025-04-15 01:26:27.000000,50.67,50.67
2025-04-15 01:41:37.000000,10.66,50.85
2025-04-15 01:41:37.000000,50.85,50.85
2025-04-15 01:56:50.000000,10.63,50.84
2025-04-15 01:56:50.000000,50.84,50.84
2025-04-15 02:11:59.000000,10.61,51.03
2025-04-15 02:11:59.000000,51.03,51.03
2025-04-15 02:27:12.000000,10.55,50.89
2025-04-15 02:27:12.000000,50.89,50.89
2025-04-15 02:42:21.000000,10.39,50.86
2025-04-15 02:42:21.000000,50.86,50.86
2025-04-15 02:57:36.000000,10.33,51.05
2025-04-15 02:57:36.000000,51.05,51.05
2025-04-15 03:12:45.000000,10.31,50.93
2025-04-15 03:12:45.000000,50.93,50.93
2025-04-15 03:27:58.000000,10.33,51.37
2025-04-15 03:27:58.000000,51.37,51.37
2025-04-15 03:43:07.000000,10.68,51.67
2025-04-15 03:43:07.000000,51.67,51.67
2025-04-15 03:58:20.000000,10.85,51.77
2025-04-15 03:58:20.000000,51.77,51.77
2025-04-15 04:13:29.000000,10.92,51.85
2025-04-15 04:13:29.000000,51.85,51.85
2025-04-15 04:28:42.000000,11.12,51.7
2025-04-15 04:28:42.000000,51.7,51.7
2025-04-15 04:43:51.000000,11.15,51.68
2025-04-15 04:43:51.000000,51.68,51.68
2025-04-15 04:59:04.000000,11.13,52.03
2025-04-15 04:59:04.000000,52.03,52.03
2025-04-15 05:14:14.000000,11.26,52.06
2025-04-15 05:14:14.000000,52.06,52.06
2025-04-15 05:29:26.000000,11.43,52.04
2025-04-15 05:29:26.000000,52.04,52.04
2025-04-15 05:44:36.000000,11.49,52.16
2025-04-15 05:44:36.000000,52.16,52.16
2025-04-15 06:30:10.000000,13.18,52.97
2025-04-15 06:30:10.000000,52.97,52.97
2025-04-15 06:45:20.000000,14.14,53.43
2025-04-15 06:45:20.000000,53.43,53.43
2025-04-15 07:00:33.000000,14.4,53.67
2025-04-15 07:00:33.000000,53.67,53.67
2025-04-15 07:15:42.000000,14.68,53.68
2025-04-15 07:15:42.000000,53.68,53.68
2025-04-15 07:30:55.000000,15.51,54.09
2025-04-15 07:30:55.000000,54.09,54.09
2025-04-15 07:46:04.000000,16.56,54.33
2025-04-15 07:46:04.000000,54.33,54.33
2025-04-15 08:01:17.000000,16.95,54.52
2025-04-15 08:01:17.000000,54.52,54.52
2025-04-15 08:16:26.000000,16.58,54.21
2025-04-15 08:16:26.000000,54.21,54.21
2025-04-15 08:31:39.000000,15.76,53.84
2025-04-15 08:31:39.000000,53.84,53.84
2025-04-15 08:46:48.000000,15.16,53.3
2025-04-15 08:46:48.000000,53.3,53.3
2025-04-15 09:02:01.000000,14.83,53.08
2025-04-15 09:02:01.000000,53.08,53.08
2025-04-15 09:17:10.000000,14.65,53.01
2025-04-15 09:17:10.000000,53.01,53.01
2025-04-15 09:32:23.000000,14.72,53.1
2025-04-15 09:32:23.000000,53.1,53.1
2025-04-15 09:47:32.000000,14.66,53.12
2025-04-15 09:47:32.000000,53.12,53.12
2025-04-15 10:02:45.000000,14.76,53.34
2025-04-15 10:02:45.000000,53.34,53.34
2025-04-15 10:17:55.000000,15.22,54.46
2025-04-15 10:17:55.000000,54.46,54.46
2025-04-15 10:33:07.000000,15.26,58.09
2025-04-15 10:33:07.000000,58.09,58.09
2025-04-15 10:48:17.000000,15.95,59.24
2025-04-15 10:48:17.000000,59.24,59.24
2025-04-15 11:03:29.000000,16.89,60.46
2025-04-15 11:03:29.000000,60.46,60.46
2025-04-15 11:18:39.000000,17.68,61.53
2025-04-15 11:18:39.000000,61.53,61.53
2025-04-15 11:33:51.000000,17.39,61.6
2025-04-15 11:33:51.000000,61.6,61.6
2025-04-15 11:49:01.000000,17.78,62.54
2025-04-15 11:49:01.000000,62.54,62.54
2025-04-15 12:04:14.000000,19.49,64.1
2025-04-15 12:04:14.000000,64.1,64.1
2025-04-15 12:19:23.000000,19.72,64.69
2025-04-15 12:19:23.000000,64.69,64.69
2025-04-15 12:34:36.000000,21.18,66.12
2025-04-15 12:34:36.000000,66.12,66.12
2025-04-15 12:49:45.000000,21.85,66.66
2025-04-15 12:49:45.000000,66.66,66.66
2025-04-15 13:04:58.000000,20.18,65.91
2025-04-15 13:04:58.000000,65.91,65.91
2025-04-15 13:20:07.000000,18.71,65.95
2025-04-15 13:20:07.000000,65.95,65.95
2025-04-15 13:35:20.000000,19.13,66.38
2025-04-15 13:35:20.000000,66.38,66.38
2025-04-15 13:50:29.000000,17.71,65.72
2025-04-15 13:50:29.000000,65.72,65.72
2025-04-15 14:05:42.000000,17.01,65.74
2025-04-15 14:05:42.000000,65.74,65.74
2025-04-15 14:20:51.000000,17.39,66.0
2025-04-15 14:20:51.000000,66.0,66.0
2025-04-15 14:36:04.000000,17.99,64.81
2025-04-15 14:36:04.000000,64.81,64.81
2025-04-15 14:51:13.000000,17.7,63.77
2025-04-15 14:51:13.000000,63.77,63.77
2025-04-15 15:06:26.000000,17.19,62.97
2025-04-15 15:06:26.000000,62.97,62.97
2025-04-15 15:21:36.000000,16.63,62.56
2025-04-15 15:21:36.000000,62.56,62.56
2025-04-15 15:36:48.000000,16.34,62.31
2025-04-15 15:36:48.000000,62.31,62.31
2025-04-15 15:51:58.000000,16.59,62.02
2025-04-15 15:51:58.000000,62.02,62.02
2025-04-15 16:07:10.000000,61.87,16.64
2025-04-15 16:07:10.000000,16.64,16.64
2025-04-15 16:22:20.000000,61.76,16.61
2025-04-15 16:22:20.000000,16.61,16.61
2025-04-15 16:37:32.000000,61.78,16.77
2025-04-15 16:37:32.000000,16.77,16.77
2025-04-15 16:52:42.000000,61.21,16.51
2025-04-15 16:52:42.000000,16.51,16.51
2025-04-15 17:07:55.000000,60.97,16.3
2025-04-15 17:07:55.000000,16.3,16.3
2025-04-15 17:23:04.000000,60.51,15.72
2025-04-15 17:23:04.000000,15.72,15.72
2025-04-15 17:38:17.000000,59.89,14.94
2025-04-15 17:38:17.000000,14.94,14.94
2025-04-15 17:53:26.000000,59.37,14.29
2025-04-15 17:53:26.000000,14.29,14.29
2025-04-15 18:39:00.000000,58.94,13.02
2025-04-15 18:39:00.000000,13.02,13.02
2025-04-15 18:54:10.000000,59.17,13.12
2025-04-15 18:54:10.000000,13.12,13.12
2025-04-15 19:09:22.000000,59.34,13.58
2025-04-15 19:09:22.000000,13.58,13.58
2025-04-15 19:24:32.000000,59.37,14.12
2025-04-15 19:24:32.000000,14.12,14.12
2025-04-15 19:39:44.000000,59.49,14.22
2025-04-15 19:39:44.000000,14.22,14.22
2025-04-15 19:54:54.000000,59.31,13.95
2025-04-15 19:54:54.000000,13.95,13.95
2025-04-15 20:10:07.000000,59.28,13.49
2025-04-15 20:10:07.000000,13.49,13.49
2025-04-15 20:25:16.000000,59.15,13.22
2025-04-15 20:25:16.000000,13.22,13.22
2025-04-15 20:40:29.000000,59.08,12.99
2025-04-15 20:40:29.000000,12.99,12.99
2025-04-15 20:55:38.000000,61.07,12.91
2025-04-15 20:55:38.000000,12.91,12.91
2025-04-15 21:10:51.000000,61.88,12.75
2025-04-15 21:10:51.000000,12.75,12.75
2025-04-15 21:26:00.000000,62.4,12.7
2025-04-15 21:26:00.000000,12.7,12.7
2025-04-15 21:41:13.000000,62.75,12.59
2025-04-15 21:41:13.000000,12.59,12.59
2025-04-15 21:56:22.000000,62.99,12.57
2025-04-15 21:56:22.000000,12.57,12.57
2025-04-15 22:11:35.000000,63.26,12.39
2025-04-15 22:11:35.000000,12.39,12.39
2025-04-15 22:26:44.000000,63.54,12.21
2025-04-15 22:26:44.000000,12.21,12.21
2025-04-15 22:41:57.000000,63.71,12.06
2025-04-15 22:41:57.000000,12.06,12.06
2025-04-15 22:57:06.000000,63.83,11.62
2025-04-15 22:57:06.000000,11.62,11.62
2025-04-15 23:12:19.000000,63.91,11.69
2025-04-15 23:12:19.000000,11.69,11.69
2025-04-15 23:27:29.000000,64.16,11.94
2025-04-15 23:27:29.000000,11.94,11.94
2025-04-15 23:42:41.000000,64.09,11.95
2025-04-15 23:42:41.000000,11.95,11.95
2025-04-15 23:57:51.000000,64.33,11.92
2025-04-15 23:57:51.000000,11.92,11.92
2025-04-16 00:13:03.000000,64.77,11.96
2025-04-16 00:13:03.000000,11.96,11.96
2025-04-16 00:28:13.000000,65.12,12.03
2025-04-16 00:28:13.000000,12.03,12.03
2025-04-16 00:43:25.000000,65.31,12.0
2025-04-16 00:43:25.000000,12.0,12.0
2025-04-16 00:58:35.000000,65.48,12.01
2025-04-16 00:58:35.000000,12.01,12.01
2025-04-16 01:13:48.000000,65.64,11.99
2025-04-16 01:13:48.000000,11.99,11.99
2025-04-16 01:28:57.000000,65.69,11.9
2025-04-16 01:28:57.000000,11.9,11.9
2025-04-16 01:44:10.000000,65.24,11.6
2025-04-16 01:44:10.000000,11.6,11.6
2025-04-16 01:59:19.000000,65.15,11.22
2025-04-16 01:59:19.000000,11.22,11.22
2025-04-16 02:14:32.000000,64.81,11.01
2025-04-16 02:14:32.000000,11.01,11.01
2025-04-16 02:29:41.000000,64.7,10.9
2025-04-16 02:29:41.000000,10.9,10.9
2025-04-16 02:44:54.000000,65.55,11.15
2025-04-16 02:44:54.000000,11.15,11.15
2025-04-16 03:00:03.000000,65.24,11.03
2025-04-16 03:00:03.000000,11.03,11.03
2025-04-16 03:15:16.000000,65.39,11.09
2025-04-16 03:15:16.000000,11.09,11.09
2025-04-16 03:30:25.000000,65.87,11.25
2025-04-16 03:30:25.000000,11.25,11.25
2025-04-16 03:45:38.000000,66.31,11.52
2025-04-16 03:45:38.000000,11.52,11.52
2025-04-16 04:00:48.000000,66.48,11.69
2025-04-16 04:00:48.000000,11.69,11.69
2025-04-16 04:16:00.000000,66.57,11.67
2025-04-16 04:16:00.000000,11.67,11.67
2025-04-16 04:31:10.000000,66.59,11.65
2025-04-16 04:31:10.000000,11.65,11.65
2025-04-16 04:46:22.000000,66.6,11.63
2025-04-16 04:46:22.000000,11.63,11.63
2025-04-16 05:01:32.000000,66.74,11.6
2025-04-16 05:01:32.000000,11.6,11.6
2025-04-16 05:16:44.000000,66.92,11.69
2025-04-16 05:16:44.000000,11.69,11.69
2025-04-16 05:31:54.000000,67.39,11.9
2025-04-16 05:31:54.000000,11.9,11.9
2025-04-16 05:47:06.000000,68.03,12.59
2025-04-16 05:47:06.000000,12.59,12.59
2025-04-16 06:02:16.000000,68.04,12.96
2025-04-16 06:02:16.000000,12.96,12.96
2025-04-16 06:17:29.000000,67.95,12.84
2025-04-16 06:17:29.000000,12.84,12.84
2025-04-16 06:32:38.000000,67.96,12.67
2025-04-16 06:32:38.000000,12.67,12.67
2025-04-16 06:47:51.000000,68.27,13.05
2025-04-16 06:47:51.000000,13.05,13.05
2025-04-16 07:03:00.000000,68.57,13.33
2025-04-16 07:03:00.000000,13.33,13.33
2025-04-16 07:18:13.000000,70.4,14.82
2025-04-16 07:18:13.000000,14.82,14.82
2025-04-16 07:33:22.000000,72.65,16.82
2025-04-16 07:33:22.000000,16.82,16.82
2025-04-16 07:48:35.000000,72.81,17.62
2025-04-16 07:48:35.000000,17.62,17.62
2025-04-16 08:03:44.000000,71.28,16.38
2025-04-16 08:03:44.000000,16.38,16.38
2025-04-16 08:18:57.000000,70.36,15.16
2025-04-16 08:18:57.000000,15.16,15.16
2025-04-16 08:34:06.000000,70.08,14.36
2025-04-16 08:34:06.000000,14.36,14.36
2025-04-16 08:49:19.000000,69.81,13.82
2025-04-16 08:49:19.000000,13.82,13.82
2025-04-16 09:04:29.000000,69.78,13.59
2025-04-16 09:04:29.000000,13.59,13.59
2025-04-16 09:19:41.000000,69.78,13.65
2025-04-16 09:19:41.000000,13.65,13.65
2025-04-16 09:34:51.000000,69.88,13.65
2025-04-16 09:34:51.000000,13.65,13.65
2025-04-16 09:50:03.000000,69.94,13.66
2025-04-16 09:50:03.000000,13.66,13.66
2025-04-16 10:05:13.000000,70.08,13.67
2025-04-16 10:05:13.000000,13.67,13.67
2025-04-16 10:20:25.000000,70.17,13.74
2025-04-16 10:20:25.000000,13.74,13.74
2025-04-16 10:35:35.000000,70.16,13.85
2025-04-16 10:35:35.000000,13.85,13.85
2025-04-16 10:50:48.000000,70.27,13.73
2025-04-16 10:50:48.000000,13.73,13.73
2025-04-16 11:05:57.000000,70.08,13.68
2025-04-16 11:05:57.000000,13.68,13.68
2025-04-16 11:21:10.000000,70.05,13.66
2025-04-16 11:21:10.000000,13.66,13.66
2025-04-16 11:36:19.000000,69.31,12.99
2025-04-16 11:36:19.000000,12.99,12.99
2025-04-16 11:51:34.000000,68.64,12.88
2025-04-16 11:51:34.000000,12.88,12.88
2025-04-16 12:06:43.000000,68.06,12.47
2025-04-16 12:06:43.000000,12.47,12.47
2025-04-16 12:52:18.000000,68.22,11.39
2025-04-16 12:52:18.000000,11.39,11.39
2025-04-16 13:07:27.000000,68.58,11.88
2025-04-16 13:07:27.000000,11.88,11.88
2025-04-16 13:53:02.000000,69.64,12.06
2025-04-16 13:53:02.000000,12.06,12.06
2025-04-16 14:08:12.000000,70.01,12.43
2025-04-16 14:08:12.000000,12.43,12.43
2025-04-16 14:23:24.000000,69.98,12.43
2025-04-16 14:23:24.000000,12.43,12.43
2025-04-16 14:38:34.000000,70.02,12.28
2025-04-16 14:38:34.000000,12.28,12.28
2025-04-16 15:24:08.000000,69.95,11.77
2025-04-16 15:24:08.000000,11.77,11.77
2025-04-16 15:39:18.000000,69.4,11.54
2025-04-16 15:39:18.000000,11.54,11.54
2025-04-16 15:54:31.000000,68.71,11.35
2025-04-16 15:54:31.000000,11.35,11.35
2025-04-16 16:09:40.000000,68.19,11.03
2025-04-16 16:09:40.000000,11.03,11.03
2025-04-16 16:24:53.000000,68.2,11.06
2025-04-16 16:24:53.000000,11.06,11.06
2025-04-16 16:40:02.000000,68.12,10.93
2025-04-16 16:40:02.000000,10.93,10.93
2025-04-16 16:55:15.000000,67.73,11.1
2025-04-16 16:55:15.000000,11.1,11.1
2025-04-16 17:10:24.000000,67.75,11.11
2025-04-16 17:10:24.000000,11.11,11.11
2025-04-16 17:25:37.000000,67.47,11.22
2025-04-16 17:25:37.000000,11.22,11.22
2025-04-16 17:40:46.000000,67.4,11.03
2025-04-16 17:40:46.000000,11.03,11.03
2025-04-16 17:40:57.000000,67.42,11.04
2025-04-16 17:40:57.000000,11.04,11.04
2025-04-16 17:41:06.000000,67.38,11.03
