Time,supercap_voltage,bus_voltage
2025-04-01 00:00:05.000000,0.01,3.67
2025-04-01 00:00:05.000000,3.67,3.67
2025-04-01 00:15:11.000000,3.66,0.01
2025-04-01 00:15:11.000000,0.01,0.01
2025-04-01 00:30:20.000000,3.66,0.01
2025-04-01 00:30:20.000000,0.01,0.01
2025-04-01 00:45:27.000000,0.01,3.66
2025-04-01 00:45:27.000000,3.66,3.66
2025-04-01 01:00:35.000000,3.66,0.01
2025-04-01 01:00:35.000000,0.01,0.01
2025-04-01 01:15:42.000000,0.01,3.65
2025-04-01 01:15:42.000000,3.65,3.65
2025-04-01 01:30:50.000000,3.65,0.01
2025-04-01 01:30:50.000000,0.01,0.01
2025-04-01 01:45:57.000000,0.01,3.65
2025-04-01 01:45:57.000000,3.65,3.65
2025-04-01 02:31:23.000000,0.01,3.65
2025-04-01 02:31:23.000000,3.65,3.65
2025-04-01 02:46:30.000000,3.64,0.01
2025-04-01 02:46:30.000000,0.01,0.01
2025-04-01 03:01:38.000000,0.01,3.64
2025-04-01 03:01:38.000000,3.64,3.64
2025-04-01 03:16:45.000000,0.01,3.64
2025-04-01 03:16:45.000000,3.64,3.64
2025-04-01 03:31:54.000000,0.03,3.64
2025-04-01 03:31:54.000000,3.64,3.64
2025-04-01 03:47:00.000000,3.64,0.03
2025-04-01 03:47:00.000000,0.03,0.03
2025-04-01 04:02:09.000000,3.63,0.03
2025-04-01 04:02:09.000000,0.03,0.03
2025-04-01 04:17:16.000000,0.03,3.63
2025-04-01 04:17:16.000000,3.63,3.63
2025-04-01 04:32:24.000000,0.06,3.63
2025-04-01 04:32:24.000000,3.63,3.63
2025-04-01 04:47:31.000000,0.28,3.63
2025-04-01 04:47:31.000000,3.63,3.63
2025-04-01 06:03:10.000000,3.64,2.51
2025-04-01 06:03:10.000000,2.51,2.51
2025-04-01 06:18:17.000000,2.48,3.65
2025-04-01 06:18:17.000000,3.65,3.65
2025-04-01 06:33:25.000000,2.58,3.66
2025-04-01 06:33:25.000000,3.66,3.66
2025-04-01 06:48:32.000000,3.68,2.66
2025-04-01 06:48:32.000000,2.66,2.66
2025-04-01 07:03:41.000000,2.69,3.7
2025-04-01 07:03:41.000000,3.7,3.7
2025-04-01 07:18:47.000000,3.71,2.7
2025-04-01 07:18:47.000000,2.7,2.7
2025-04-01 07:33:56.000000,2.79,3.71
2025-04-01 07:33:56.000000,3.71,3.71
2025-04-01 07:49:03.000000,3.71,2.77
2025-04-01 07:49:03.000000,2.77,2.77
2025-04-01 08:04:11.000000,3.71,2.84
2025-04-01 08:04:11.000000,2.84,2.84
2025-04-01 08:19:18.000000,3.71,3.69
2025-04-01 08:19:18.000000,3.69,3.69
2025-04-01 08:34:26.000000,3.71,3.69
2025-04-01 08:34:26.000000,3.69,3.69
2025-04-01 08:49:33.000000,3.71,3.82
2025-04-01 08:49:33.000000,3.82,3.82
2025-04-01 09:34:57.000000,3.82,3.71
2025-04-01 09:34:57.000000,3.71,3.71
2025-04-01 09:50:04.000000,3.65,3.71
2025-04-01 09:50:04.000000,3.71,3.71
2025-04-01 10:05:12.000000,3.78,3.71
2025-04-01 10:05:12.000000,3.71,3.71
2025-04-01 10:20:19.000000,3.82,3.71
2025-04-01 10:20:19.000000,3.71,3.71
2025-04-01 10:35:28.000000,3.72,3.71
2025-04-01 10:35:28.000000,3.71,3.71
2025-04-01 10:50:35.000000,3.71,3.78
2025-04-01 10:50:35.000000,3.78,3.78
2025-04-01 11:05:43.000000,3.71,3.76
2025-04-01 11:05:43.000000,3.76,3.76
2025-04-01 11:20:50.000000,3.71,3.71
2025-04-01 11:20:50.000000,3.71,3.71
2025-04-01 11:36:00.000000,3.81,3.71
2025-04-01 11:36:00.000000,3.71,3.71
2025-04-01 11:51:07.000000,3.71,3.7
2025-04-01 11:51:07.000000,3.7,3.7
2025-04-01 12:06:16.000000,3.71,3.81
2025-04-01 12:06:16.000000,3.81,3.81
2025-04-01 12:21:23.000000,3.82,3.71
2025-04-01 12:21:23.000000,3.71,3.71
2025-04-01 12:36:31.000000,3.71,3.81
2025-04-01 12:36:31.000000,3.81,3.81
2025-04-01 12:51:38.000000,3.78,3.71
2025-04-01 12:51:38.000000,3.71,3.71
2025-04-01 13:06:46.000000,3.79,3.71
2025-04-01 13:06:46.000000,3.71,3.71
2025-04-01 13:21:53.000000,3.7,3.71
2025-04-01 13:21:53.000000,3.71,3.71
2025-04-01 13:37:01.000000,3.81,3.71
2025-04-01 13:37:01.000000,3.71,3.71
2025-04-01 13:52:08.000000,2.8,3.71
2025-04-01 13:52:08.000000,3.71,3.71
2025-04-01 14:07:17.000000,2.83,3.71
2025-04-01 14:07:17.000000,3.71,3.71
2025-04-01 14:22:24.000000,3.72,3.71
2025-04-01 14:22:24.000000,3.71,3.71
2025-04-01 14:37:32.000000,3.71,3.72
2025-04-01 14:37:32.000000,3.72,3.72
2025-04-01 14:52:39.000000,3.71,2.81
2025-04-01 14:52:39.000000,2.81,2.81
2025-04-01 15:07:47.000000,3.71,2.71
2025-04-01 15:07:47.000000,2.71,2.71
2025-04-01 15:22:54.000000,3.71,2.77
2025-04-01 15:22:54.000000,2.77,2.77
2025-04-01 15:38:04.000000,3.72,2.75
2025-04-01 15:38:04.000000,2.75,2.75
2025-04-01 15:53:10.000000,3.71,2.7
2025-04-01 15:53:10.000000,2.7,2.7
2025-04-01 16:08:19.000000,2.69,3.72
2025-04-01 16:08:19.000000,3.72,3.72
2025-04-01 16:23:26.000000,3.71,2.65
2025-04-01 16:23:26.000000,2.65,2.65
2025-04-01 16:38:34.000000,3.71,2.62
2025-04-01 16:38:34.000000,2.62,2.62
2025-04-01 16:53:41.000000,3.71,2.56
2025-04-01 16:53:41.000000,2.56,2.56
2025-04-01 18:09:20.000000,3.71,1.38
2025-04-01 18:09:20.000000,1.38,1.38
2025-04-01 18:24:27.000000,3.71,0.4
2025-04-01 18:24:27.000000,0.4,0.4
2025-04-01 18:39:35.000000,3.71,0.06
2025-04-01 18:39:35.000000,0.06,0.06
2025-04-01 18:54:42.000000,3.71,0.03
2025-04-01 18:54:42.000000,0.03,0.03
2025-04-01 19:09:51.000000,0.03,3.7
2025-04-01 19:09:51.000000,3.7,3.7
2025-04-01 19:24:57.000000,0.03,3.7
2025-04-01 19:24:57.000000,3.7,3.7
2025-04-01 19:40:06.000000,3.7,0.03
2025-04-01 19:40:06.000000,0.03,0.03
2025-04-01 19:55:13.000000,0.03,3.7
2025-04-01 19:55:13.000000,3.7,3.7
2025-04-01 20:10:21.000000,3.7,0.03
2025-04-01 20:10:21.000000,0.03,0.03
2025-04-01 20:25:28.000000,3.69,0.03
2025-04-01 20:25:28.000000,0.03,0.03
2025-04-01 20:40:36.000000,3.69,0.01
2025-04-01 20:40:36.000000,0.01,0.01
2025-04-01 20:55:43.000000,0.01,3.69
2025-04-01 20:55:43.000000,3.69,3.69
2025-04-01 21:10:52.000000,3.69,0.01
2025-04-01 21:10:52.000000,0.01,0.01
2025-04-01 21:25:59.000000,0.01,3.68
2025-04-01 21:25:59.000000,3.68,3.68
2025-04-01 21:41:07.000000,0.01,3.68
2025-04-01 21:41:07.000000,3.68,3.68
2025-04-01 21:56:14.000000,3.68,0.01
2025-04-01 21:56:14.000000,0.01,0.01
2025-04-01 22:11:22.000000,0.01,3.68
2025-04-01 22:11:22.000000,3.68,3.68
2025-04-01 22:26:29.000000,0.01,3.68
2025-04-01 22:26:29.000000,3.68,3.68
2025-04-01 23:11:52.000000,3.67,0.01
2025-04-01 23:11:52.000000,0.01,0.01
2025-04-01 23:26:59.000000,0.01,3.67
2025-04-01 23:26:59.000000,3.67,3.67
2025-04-01 23:42:07.000000,3.67,0.01
2025-04-01 23:42:07.000000,0.01,0.01
2025-04-01 23:57:14.000000,0.01,3.67
2025-04-01 23:57:14.000000,3.67,3.67
2025-04-02 00:12:23.000000,0.01,3.66
2025-04-02 00:12:23.000000,3.66,3.66
2025-04-02 00:27:30.000000,3.66,0.01
2025-04-02 00:27:30.000000,0.01,0.01
2025-04-02 00:42:38.000000,0.01,3.66
2025-04-02 00:42:38.000000,3.66,3.66
2025-04-02 00:57:45.000000,3.66,0.01
2025-04-02 00:57:45.000000,0.01,0.01
2025-04-02 01:43:11.000000,3.65,0.01
2025-04-02 01:43:11.000000,0.01,0.01
2025-04-02 01:58:17.000000,3.65,0.01
2025-04-02 01:58:17.000000,0.01,0.01
2025-04-02 01:58:28.000000,3.65,0.01
2025-04-02 01:58:28.000000,0.01,0.01
2025-04-02 01:58:38.000000,3.65,0.01
2025-04-02 01:58:38.000000,0.01,0.01
2025-04-02 02:43:54.000000,3.64,0.01
2025-04-02 02:43:54.000000,0.01,0.01
2025-04-02 02:58:59.000000,3.64,0.01
2025-04-02 02:58:59.000000,0.01,0.01
2025-04-02 03:14:05.000000,0.01,3.64
2025-04-02 03:14:05.000000,3.64,3.64
2025-04-02 03:29:10.000000,0.03,3.64
2025-04-02 03:29:10.000000,3.64,3.64
2025-04-02 03:44:16.000000,3.64,0.03
2025-04-02 03:44:16.000000,0.03,0.03
2025-04-02 03:59:20.000000,0.03,3.63
2025-04-02 03:59:20.000000,3.63,3.63
2025-04-02 04:14:26.000000,0.03,3.63
2025-04-02 04:14:26.000000,3.63,3.63
2025-04-02 04:29:31.000000,0.05,3.63
2025-04-02 04:29:31.000000,3.63,3.63
2025-04-02 04:44:37.000000,3.63,0.14
2025-04-02 04:44:37.000000,0.14,0.14
2025-04-02 04:59:41.000000,1.25,3.63
2025-04-02 04:59:41.000000,3.63,3.63
2025-04-02 05:14:47.000000,1.79,3.62
2025-04-02 05:14:47.000000,3.62,3.62
2025-04-02 05:29:52.000000,3.63,2.11
2025-04-02 05:29:52.000000,2.11,2.11
2025-04-02 05:44:58.000000,2.32,3.63
2025-04-02 05:44:58.000000,3.63,3.63
2025-04-02 06:00:02.000000,3.64,2.42
2025-04-02 06:00:02.000000,2.42,2.42
2025-04-02 06:15:08.000000,2.49,3.64
2025-04-02 06:15:08.000000,3.64,3.64
2025-04-02 06:30:13.000000,3.66,2.58
2025-04-02 06:30:13.000000,2.58,2.58
2025-04-02 06:45:19.000000,3.68,2.64
2025-04-02 06:45:19.000000,2.64,2.64
2025-04-02 07:00:24.000000,2.68,3.7
2025-04-02 07:00:24.000000,3.7,3.7
2025-04-02 07:15:30.000000,2.68,3.71
2025-04-02 07:15:30.000000,3.71,3.71
2025-04-02 07:30:34.000000,3.71,2.73
2025-04-02 07:30:34.000000,2.73,2.73
2025-04-02 07:45:40.000000,3.71,2.83
2025-04-02 07:45:40.000000,2.83,2.83
2025-04-02 08:00:45.000000,2.84,3.71
2025-04-02 08:00:45.000000,3.71,3.71
2025-04-02 08:15:51.000000,3.83,3.71
2025-04-02 08:15:51.000000,3.71,3.71
2025-04-02 08:30:55.000000,3.71,3.83
2025-04-02 08:30:55.000000,3.83,3.83
2025-04-02 08:46:01.000000,3.83,3.71
2025-04-02 08:46:01.000000,3.71,3.71
2025-04-02 09:01:06.000000,3.83,3.71
2025-04-02 09:01:06.000000,3.71,3.71
2025-04-02 09:46:23.000000,3.7,3.83
2025-04-02 09:46:23.000000,3.83,3.83
2025-04-02 10:01:27.000000,3.71,3.83
2025-04-02 10:01:27.000000,3.83,3.83
2025-04-02 10:16:33.000000,3.71,3.83
2025-04-02 10:16:33.000000,3.83,3.83
2025-04-02 10:31:38.000000,3.71,3.83
2025-04-02 10:31:38.000000,3.83,3.83
2025-04-02 10:46:44.000000,3.7,3.82
2025-04-02 10:46:44.000000,3.82,3.82
2025-04-02 11:01:48.000000,3.82,3.71
2025-04-02 11:01:48.000000,3.71,3.71
2025-04-02 11:16:55.000000,3.7,3.83
2025-04-02 11:16:55.000000,3.83,3.83
2025-04-02 11:31:59.000000,3.81,3.7
2025-04-02 11:31:59.000000,3.7,3.7
2025-04-02 11:47:05.000000,3.82,3.7
2025-04-02 11:47:05.000000,3.7,3.7
2025-04-02 12:02:10.000000,3.82,3.7
2025-04-02 12:02:10.000000,3.7,3.7
2025-04-02 12:17:16.000000,3.83,3.7
2025-04-02 12:17:16.000000,3.7,3.7
2025-04-02 12:32:20.000000,3.52,3.71
2025-04-02 12:32:20.000000,3.71,3.71
2025-04-02 12:47:27.000000,3.76,3.71
2025-04-02 12:47:27.000000,3.71,3.71
2025-04-02 13:02:31.000000,3.8,3.71
2025-04-02 13:02:31.000000,3.71,3.71
2025-04-02 13:03:01.000000,3.71,0.52
2025-04-02 13:03:01.000000,0.52,0.52
2025-04-02 13:03:12.000000,0.35,3.71
2025-04-02 13:03:12.000000,3.71,3.71
2025-04-02 13:18:17.000000,3.77,3.71
2025-04-02 13:18:17.000000,3.71,3.71
2025-04-02 13:33:20.000000,3.83,3.71
2025-04-02 13:33:20.000000,3.71,3.71
2025-04-02 13:48:25.000000,3.62,3.71
2025-04-02 13:48:25.000000,3.71,3.71
2025-04-02 14:03:29.000000,3.71,3.61
2025-04-02 14:03:29.000000,3.61,3.61
2025-04-02 14:26:18.024448,64.26,74.54
2025-04-02 14:26:18.024448,74.54,74.54
2025-04-02 14:27:41.000000,1.02,3.71
2025-04-02 14:27:41.000000,3.71,3.71
2025-04-02 14:27:53.000000,0.82,3.71
2025-04-02 14:27:53.000000,3.71,3.71
2025-04-02 14:31:30.400461,74.54,64.26
2025-04-02 14:31:30.400461,64.26,64.26
2025-04-02 14:32:07.463504,74.54,64.26
2025-04-02 14:32:07.463504,64.26,64.26
2025-04-02 14:34:30.168620,74.54,64.26
2025-04-02 14:34:30.168620,64.26,64.26
2025-04-02 14:37:59.465220,74.54,64.26
2025-04-02 14:37:59.465220,64.26,64.26
2025-04-02 14:40:16.000000,3.7,0.02
2025-04-02 14:40:16.000000,0.02,0.02
2025-04-02 14:40:24.000000,0.02,3.7
2025-04-02 14:40:24.000000,3.7,3.7
2025-04-02 14:41:18.024448,221.03,210.75
2025-04-02 14:41:18.024448,210.75,210.75
2025-04-02 14:46:30.400461,221.03,210.75
2025-04-02 14:46:30.400461,210.75,210.75
2025-04-02 14:47:07.463504,221.03,210.75
2025-04-02 14:47:07.463504,210.75,210.75
2025-04-02 14:49:30.168620,210.75,221.03
2025-04-02 14:49:30.168620,221.03,221.03
2025-04-02 14:52:21.415278,64.26,74.54
2025-04-02 14:52:21.415278,74.54,74.54
2025-04-02 14:52:59.465220,210.75,221.03
2025-04-02 14:52:59.465220,221.03,221.03
2025-04-02 15:07:21.415278,210.75,221.03
2025-04-02 15:07:21.415278,221.03,221.03
2025-04-02 15:26:08.000000,0.02,3.61
2025-04-02 15:26:08.000000,3.61,3.61
2025-04-02 15:26:16.000000,0.02,3.61
2025-04-02 15:26:16.000000,3.61,3.61
2025-04-02 15:28:13.000000,0.02,3.61
2025-04-02 15:28:13.000000,3.61,3.61
2025-04-02 15:28:25.000000,0.01,3.6
2025-04-02 15:28:25.000000,3.6,3.6
2025-04-02 15:31:23.000000,0.03,3.6
2025-04-02 15:31:23.000000,3.6,3.6
2025-04-02 15:31:31.000000,0.02,3.6
2025-04-02 15:31:31.000000,3.6,3.6
2025-04-02 15:46:30.000000,0.03,3.6
2025-04-02 15:46:30.000000,3.6,3.6
2025-04-02 16:01:26.000000,3.6,0.03
2025-04-02 16:01:26.000000,0.03,0.03
2025-04-02 16:34:34.000000,0.02,3.58
2025-04-02 16:34:34.000000,3.58,3.58
2025-04-02 16:34:45.000000,3.58,0.02
2025-04-02 16:34:45.000000,0.02,0.02
2025-04-02 16:36:11.000000,3.59,0.02
2025-04-02 16:36:11.000000,0.02,0.02
2025-04-02 16:36:21.000000,3.59,0.01
2025-04-02 16:36:21.000000,0.01,0.01
2025-04-02 16:38:34.000000,0.02,3.58
2025-04-02 16:38:34.000000,3.58,3.58
2025-04-02 16:38:44.000000,3.58,0.02
2025-04-02 16:38:44.000000,0.02,0.02
2025-04-02 16:39:30.000000,3.58,0.01
2025-04-02 16:39:30.000000,0.01,0.01
2025-04-02 16:39:38.000000,3.58,0.01
2025-04-02 16:39:38.000000,0.01,0.01
2025-04-02 16:41:42.000000,3.58,0.03
2025-04-02 16:41:42.000000,0.03,0.03
2025-04-02 16:41:51.000000,3.57,0.03
2025-04-02 16:41:51.000000,0.03,0.03
2025-04-02 16:45:45.000000,3.58,0.02
2025-04-02 16:45:45.000000,0.02,0.02
2025-04-02 16:45:55.000000,0.01,3.58
2025-04-02 16:45:55.000000,3.58,3.58
2025-04-02 16:50:33.000000,0.01,3.58
2025-04-02 16:50:33.000000,3.58,3.58
2025-04-02 16:50:41.000000,3.58,0.01
2025-04-02 16:50:41.000000,0.01,0.01
2025-04-02 16:53:15.000000,3.58,0.02
2025-04-02 16:53:15.000000,0.02,0.02
2025-04-02 16:53:24.000000,3.58,0.01
2025-04-02 16:53:24.000000,0.01,0.01
2025-04-03 08:56:50.000000,0.03,3.58
2025-04-03 08:56:50.000000,3.58,3.58
2025-04-03 08:56:59.000000,3.58,0.02
2025-04-03 08:56:59.000000,0.02,0.02
2025-04-03 09:04:03.000000,3.58,0.02
2025-04-03 09:04:03.000000,0.02,0.02
2025-04-03 09:04:12.000000,3.58,0.01
2025-04-03 09:04:12.000000,0.01,0.01
2025-04-03 09:10:45.000000,0.02,3.57
2025-04-03 09:10:45.000000,3.57,3.57
2025-04-03 09:10:57.000000,3.57,0.01
2025-04-03 09:10:57.000000,0.01,0.01
2025-04-03 09:18:05.000000,0.02,3.57
2025-04-03 09:18:05.000000,3.57,3.57
2025-04-03 09:18:16.000000,3.57,0.01
2025-04-03 09:18:16.000000,0.01,0.01
2025-04-03 09:33:15.000000,0.02,3.57
2025-04-03 09:33:15.000000,3.57,3.57
2025-04-03 09:48:10.000000,3.56,0.02
2025-04-03 09:48:10.000000,0.02,0.02
2025-04-03 09:59:00.000000,3.57,0.04
2025-04-03 09:59:00.000000,0.04,0.04
2025-04-03 09:59:11.000000,0.02,3.57
2025-04-03 09:59:11.000000,3.57,3.57
2025-04-03 10:05:18.000000,3.57,0.04
2025-04-03 10:05:18.000000,0.04,0.04
2025-04-03 10:05:27.000000,0.03,3.57
2025-04-03 10:05:27.000000,3.57,3.57
2025-04-03 10:14:03.000000,3.57,0.02
2025-04-03 10:14:03.000000,0.02,0.02
2025-04-03 10:14:14.000000,3.57,0.01
2025-04-03 10:14:14.000000,0.01,0.01
2025-04-03 10:19:53.000000,3.56,0.0
2025-04-03 10:19:53.000000,0.0,0.0
2025-04-03 10:20:04.000000,0.0,3.56
2025-04-03 10:20:04.000000,3.56,3.56
2025-04-03 10:35:40.000000,3.56,1.23
2025-04-03 10:35:40.000000,1.23,1.23
2025-04-03 10:35:50.000000,3.56,1.24
2025-04-03 10:35:50.000000,1.24,1.24
2025-04-03 10:45:05.000000,3.61,3.11
2025-04-03 10:45:05.000000,3.11,3.11
2025-04-03 10:45:15.000000,3.8,3.61
2025-04-03 10:45:15.000000,3.61,3.61
2025-04-03 11:00:18.000000,3.82,3.61
2025-04-03 11:00:18.000000,3.61,3.61
2025-04-03 11:15:19.000000,3.61,3.8
2025-04-03 11:15:19.000000,3.8,3.8
2025-04-03 11:30:23.000000,3.61,3.8
2025-04-03 11:30:23.000000,3.8,3.8
2025-04-03 11:45:23.000000,3.8,3.61
2025-04-03 11:45:23.000000,3.61,3.61
2025-04-03 12:00:27.000000,3.81,3.61
2025-04-03 12:00:27.000000,3.61,3.61
2025-04-03 12:15:28.000000,3.8,3.61
2025-04-03 12:15:28.000000,3.61,3.61
2025-04-03 12:30:32.000000,3.62,3.82
2025-04-03 12:30:32.000000,3.82,3.82
2025-04-03 12:45:32.000000,3.78,3.62
2025-04-03 12:45:32.000000,3.62,3.62
2025-04-03 13:00:36.000000,3.62,2.93
2025-04-03 13:00:36.000000,2.93,2.93
2025-04-03 13:15:37.000000,2.75,3.62
2025-04-03 13:15:37.000000,3.62,3.62
2025-04-03 13:30:40.000000,2.86,3.62
2025-04-03 13:30:40.000000,3.62,3.62
2025-04-03 13:45:41.000000,2.79,3.62
2025-04-03 13:45:41.000000,3.62,3.62
2025-04-03 14:00:45.000000,3.83,3.62
2025-04-03 14:00:45.000000,3.62,3.62
2025-04-03 14:15:45.000000,3.76,3.62
2025-04-03 14:15:45.000000,3.62,3.62
2025-04-03 14:30:49.000000,3.83,3.62
2025-04-03 14:30:49.000000,3.62,3.62
2025-04-03 14:45:50.000000,2.73,3.62
2025-04-03 14:45:50.000000,3.62,3.62
2025-04-03 15:00:54.000000,3.62,2.65
2025-04-03 15:00:54.000000,2.65,2.65
2025-04-03 15:15:54.000000,2.6,3.62
2025-04-03 15:15:54.000000,3.62,3.62
2025-04-03 15:30:58.000000,2.59,3.62
2025-04-03 15:30:58.000000,3.62,3.62
2025-04-03 15:45:59.000000,3.62,2.57
2025-04-03 15:45:59.000000,2.57,2.57
2025-04-03 16:01:02.000000,3.62,2.56
2025-04-03 16:01:02.000000,2.56,2.56
2025-04-03 16:16:03.000000,2.55,3.62
2025-04-03 16:16:03.000000,3.62,3.62
2025-04-03 16:31:07.000000,2.55,3.62
2025-04-03 16:31:07.000000,3.62,3.62
2025-04-03 16:46:07.000000,2.53,3.62
2025-04-03 16:46:07.000000,3.62,3.62
2025-04-03 17:01:11.000000,2.47,3.62
2025-04-03 17:01:11.000000,3.62,3.62
2025-04-03 17:16:12.000000,2.38,3.62
2025-04-03 17:16:12.000000,3.62,3.62
2025-04-03 17:31:16.000000,3.62,2.23
2025-04-03 17:31:16.000000,2.23,2.23
2025-04-03 17:46:16.000000,1.93,3.62
2025-04-03 17:46:16.000000,3.62,3.62
2025-04-03 18:01:20.000000,3.62,1.49
2025-04-03 18:01:20.000000,1.49,1.49
2025-04-03 18:16:21.000000,0.73,3.62
2025-04-03 18:16:21.000000,3.62,3.62
2025-04-03 18:31:24.000000,3.61,0.07
2025-04-03 18:31:24.000000,0.07,0.07
2025-04-03 18:46:25.000000,3.61,0.04
2025-04-03 18:46:25.000000,0.04,0.04
2025-04-03 19:01:29.000000,0.03,3.61
2025-04-03 19:01:29.000000,3.61,3.61
2025-04-03 19:16:29.000000,0.03,3.61
2025-04-03 19:16:29.000000,3.61,3.61
2025-04-03 19:31:33.000000,0.03,3.6
2025-04-03 19:31:33.000000,3.6,3.6
2025-04-03 19:46:34.000000,3.6,0.03
2025-04-03 19:46:34.000000,0.03,0.03
2025-04-03 20:01:38.000000,0.03,3.6
2025-04-03 20:01:38.000000,3.6,3.6
2025-04-03 20:16:38.000000,0.03,3.59
2025-04-03 20:16:38.000000,3.59,3.59
2025-04-03 20:31:42.000000,3.59,0.01
2025-04-03 20:31:42.000000,0.01,0.01
2025-04-03 20:46:43.000000,0.01,3.59
2025-04-03 20:46:43.000000,3.59,3.59
2025-04-03 21:01:46.000000,0.01,3.59
2025-04-03 21:01:46.000000,3.59,3.59
2025-04-03 21:16:47.000000,0.01,3.58
2025-04-03 21:16:47.000000,3.58,3.58
2025-04-03 21:31:51.000000,0.01,3.58
2025-04-03 21:31:51.000000,3.58,3.58
2025-04-03 21:46:51.000000,3.58,0.01
2025-04-03 21:46:51.000000,0.01,0.01
2025-04-03 22:01:55.000000,3.58,0.01
2025-04-03 22:01:55.000000,0.01,0.01
2025-04-03 22:16:56.000000,0.01,3.57
2025-04-03 22:16:56.000000,3.57,3.57
2025-04-03 22:32:00.000000,3.57,0.01
2025-04-03 22:32:00.000000,0.01,0.01
2025-04-03 22:47:00.000000,0.01,3.57
2025-04-03 22:47:00.000000,3.57,3.57
2025-04-03 23:02:04.000000,0.01,3.56
2025-04-03 23:02:04.000000,3.56,3.56
2025-04-03 23:17:04.000000,0.01,3.56
2025-04-03 23:17:04.000000,3.56,3.56
2025-04-03 23:32:08.000000,3.56,0.01
2025-04-03 23:32:08.000000,0.01,0.01
2025-04-03 23:47:09.000000,3.56,0.01
2025-04-03 23:47:09.000000,0.01,0.01
2025-04-04 00:02:13.000000,0.01,3.55
2025-04-04 00:02:13.000000,3.55,3.55
2025-04-04 00:17:13.000000,0.01,3.55
2025-04-04 00:17:13.000000,3.55,3.55
2025-04-04 00:32:17.000000,0.01,3.55
2025-04-04 00:32:17.000000,3.55,3.55
2025-04-04 00:47:18.000000,3.55,0.01
2025-04-04 00:47:18.000000,0.01,0.01
2025-04-04 01:02:21.000000,0.01,3.54
2025-04-04 01:02:21.000000,3.54,3.54
2025-04-04 01:17:22.000000,3.54,0.01
2025-04-04 01:17:22.000000,0.01,0.01
2025-04-04 01:32:26.000000,3.54,0.01
2025-04-04 01:32:26.000000,0.01,0.01
2025-04-04 01:47:26.000000,3.54,0.01
2025-04-04 01:47:26.000000,0.01,0.01
2025-04-04 02:02:30.000000,3.53,0.0
2025-04-04 02:02:30.000000,0.0,0.0
2025-04-04 02:17:31.000000,0.01,3.53
2025-04-04 02:17:31.000000,3.53,3.53
2025-04-04 02:32:35.000000,3.53,0.0
2025-04-04 02:32:35.000000,0.0,0.0
2025-04-04 02:47:35.000000,0.0,3.52
2025-04-04 02:47:35.000000,3.52,3.52
2025-04-04 03:02:39.000000,0.01,3.52
2025-04-04 03:02:39.000000,3.52,3.52
2025-04-04 03:17:40.000000,3.52,0.01
2025-04-04 03:17:40.000000,0.01,0.01
2025-04-04 03:32:43.000000,0.03,3.52
2025-04-04 03:32:43.000000,3.52,3.52
2025-04-04 03:47:44.000000,0.03,3.52
2025-04-04 03:47:44.000000,3.52,3.52
2025-04-04 04:02:48.000000,0.03,3.51
2025-04-04 04:02:48.000000,3.51,3.51
2025-04-04 04:17:48.000000,0.04,3.51
2025-04-04 04:17:48.000000,3.51,3.51
2025-04-04 04:32:52.000000,3.51,0.1
2025-04-04 04:32:52.000000,0.1,0.1
2025-04-04 04:47:53.000000,1.03,3.51
2025-04-04 04:47:53.000000,3.51,3.51
2025-04-04 05:02:57.000000,3.5,1.7
2025-04-04 05:02:57.000000,1.7,1.7
2025-04-04 05:17:57.000000,2.01,3.5
2025-04-04 05:17:57.000000,3.5,3.5
2025-04-04 05:33:01.000000,3.51,2.22
2025-04-04 05:33:01.000000,2.22,2.22
2025-04-04 05:48:02.000000,3.51,2.35
2025-04-04 05:48:02.000000,2.35,2.35
2025-04-04 06:03:05.000000,2.4,3.52
2025-04-04 06:03:05.000000,3.52,3.52
2025-04-04 06:18:06.000000,3.53,2.47
2025-04-04 06:18:06.000000,2.47,2.47
2025-04-04 06:33:10.000000,3.54,2.57
2025-04-04 06:33:10.000000,2.57,2.57
2025-04-04 06:48:10.000000,3.55,2.64
2025-04-04 06:48:10.000000,2.64,2.64
2025-04-04 07:03:14.000000,3.57,2.68
2025-04-04 07:03:14.000000,2.68,2.68
2025-04-04 07:18:15.000000,3.59,2.71
2025-04-04 07:18:15.000000,2.71,2.71
2025-04-04 07:33:19.000000,3.62,2.79
2025-04-04 07:33:19.000000,2.79,2.79
2025-04-04 07:48:19.000000,3.63,2.88
2025-04-04 07:48:19.000000,2.88,2.88
2025-04-04 08:03:23.000000,3.62,3.82
2025-04-04 08:03:23.000000,3.82,3.82
2025-04-04 08:18:24.000000,3.62,3.83
2025-04-04 08:18:24.000000,3.83,3.83
2025-04-04 08:33:27.000000,3.81,3.62
2025-04-04 08:33:27.000000,3.62,3.62
2025-04-04 08:48:28.000000,3.62,3.81
2025-04-04 08:48:28.000000,3.81,3.81
2025-04-04 09:03:32.000000,3.8,3.62
2025-04-04 09:03:32.000000,3.62,3.62
2025-04-04 09:18:32.000000,3.79,3.62
2025-04-04 09:18:32.000000,3.62,3.62
2025-04-04 10:03:40.000000,3.79,3.62
2025-04-04 10:03:40.000000,3.62,3.62
2025-04-04 10:18:41.000000,3.79,3.62
2025-04-04 10:18:41.000000,3.62,3.62
2025-04-04 10:33:44.000000,3.8,3.62
2025-04-04 10:33:44.000000,3.62,3.62
2025-04-04 10:48:45.000000,3.62,3.78
2025-04-04 10:48:45.000000,3.78,3.78
2025-04-04 11:03:49.000000,3.62,3.79
2025-04-04 11:03:49.000000,3.79,3.79
2025-04-04 11:18:49.000000,3.8,3.62
2025-04-04 11:18:49.000000,3.62,3.62
2025-04-04 11:33:53.000000,3.62,3.78
2025-04-04 11:33:53.000000,3.78,3.78
2025-04-04 11:48:54.000000,3.76,3.61
2025-04-04 11:48:54.000000,3.61,3.61
2025-04-04 12:03:58.000000,3.77,3.62
2025-04-04 12:03:58.000000,3.62,3.62
2025-04-04 12:18:58.000000,3.76,3.62
2025-04-04 12:18:58.000000,3.62,3.62
2025-04-04 12:34:02.000000,2.72,3.62
2025-04-04 12:34:02.000000,3.62,3.62
2025-04-04 12:49:03.000000,2.68,3.62
2025-04-04 12:49:03.000000,3.62,3.62
2025-04-04 13:04:06.000000,2.83,3.62
2025-04-04 13:04:06.000000,3.62,3.62
2025-04-04 13:19:07.000000,2.73,3.62
2025-04-04 13:19:07.000000,3.62,3.62
2025-04-04 13:34:11.000000,3.63,2.9
2025-04-04 13:34:11.000000,2.9,2.9
2025-04-04 13:49:11.000000,2.64,3.62
2025-04-04 13:49:11.000000,3.62,3.62
2025-04-04 14:04:15.000000,3.68,3.62
2025-04-04 14:04:15.000000,3.62,3.62
2025-04-04 14:19:16.000000,2.77,3.62
2025-04-04 14:19:16.000000,3.62,3.62
2025-04-04 14:34:20.000000,3.69,3.62
2025-04-04 14:34:20.000000,3.62,3.62
2025-04-04 14:49:20.000000,3.62,2.63
2025-04-04 14:49:20.000000,2.63,2.63
2025-04-04 15:04:24.000000,3.62,2.53
2025-04-04 15:04:24.000000,2.53,2.53
2025-04-04 15:19:25.000000,3.62,2.55
2025-04-04 15:19:25.000000,2.55,2.55
2025-04-04 15:34:28.000000,2.54,3.62
2025-04-04 15:34:28.000000,3.62,3.62
2025-04-04 15:49:29.000000,2.53,3.62
2025-04-04 15:49:29.000000,3.62,3.62
2025-04-04 16:04:33.000000,2.52,3.62
2025-04-04 16:04:33.000000,3.62,3.62
2025-04-04 16:19:33.000000,3.62,2.49
2025-04-04 16:19:33.000000,2.49,2.49
2025-04-04 16:34:37.000000,2.47,3.62
2025-04-04 16:34:37.000000,3.62,3.62
2025-04-04 16:49:38.000000,2.43,3.62
2025-04-04 16:49:38.000000,3.62,3.62
2025-04-04 17:04:42.000000,3.62,2.37
2025-04-04 17:04:42.000000,2.37,2.37
2025-04-04 17:19:42.000000,2.27,3.63
2025-04-04 17:19:42.000000,3.63,3.63
2025-04-04 17:34:46.000000,3.62,2.13
2025-04-04 17:34:46.000000,2.13,2.13
2025-04-04 17:49:47.000000,1.88,3.62
2025-04-04 17:49:47.000000,3.62,3.62
2025-04-04 18:04:50.000000,1.46,3.62
2025-04-04 18:04:50.000000,3.62,3.62
2025-04-04 18:19:51.000000,0.64,3.62
2025-04-04 18:19:51.000000,3.62,3.62
2025-04-04 18:34:55.000000,0.03,3.61
2025-04-04 18:34:55.000000,3.61,3.61
2025-04-04 18:49:55.000000,3.61,0.04
2025-04-04 18:49:55.000000,0.04,0.04
2025-04-04 19:04:59.000000,3.61,0.03
2025-04-04 19:04:59.000000,0.03,0.03
2025-04-04 19:20:00.000000,3.6,0.03
2025-04-04 19:20:00.000000,0.03,0.03
2025-04-04 19:35:04.000000,0.03,3.6
2025-04-04 19:35:04.000000,3.6,3.6
2025-04-04 19:50:04.000000,3.6,0.03
2025-04-04 19:50:04.000000,0.03,0.03
2025-04-04 20:05:08.000000,3.6,0.03
2025-04-04 20:05:08.000000,0.03,0.03
2025-04-04 20:20:09.000000,0.03,3.59
2025-04-04 20:20:09.000000,3.59,3.59
2025-04-04 20:35:12.000000,0.01,3.59
2025-04-04 20:35:12.000000,3.59,3.59
2025-04-04 20:50:13.000000,0.01,3.59
2025-04-04 20:50:13.000000,3.59,3.59
2025-04-04 21:05:17.000000,0.01,3.59
2025-04-04 21:05:17.000000,3.59,3.59
2025-04-04 21:20:17.000000,3.58,0.01
2025-04-04 21:20:17.000000,0.01,0.01
2025-04-04 21:35:21.000000,0.01,3.58
2025-04-04 21:35:21.000000,3.58,3.58
2025-04-04 21:50:22.000000,0.01,3.58
2025-04-04 21:50:22.000000,3.58,3.58
2025-04-04 22:05:26.000000,3.58,0.01
2025-04-04 22:05:26.000000,0.01,0.01
2025-04-04 22:20:26.000000,0.0,3.58
2025-04-04 22:20:26.000000,3.58,3.58
2025-04-04 22:35:30.000000,3.57,0.01
2025-04-04 22:35:30.000000,0.01,0.01
2025-04-04 22:50:31.000000,3.57,0.01
2025-04-04 22:50:31.000000,0.01,0.01
2025-04-04 23:05:34.000000,3.57,0.01
2025-04-04 23:05:34.000000,0.01,0.01
2025-04-04 23:20:35.000000,3.56,0.01
2025-04-04 23:20:35.000000,0.01,0.01
2025-04-04 23:35:39.000000,0.01,3.56
2025-04-04 23:35:39.000000,3.56,3.56
2025-04-04 23:50:39.000000,3.56,0.01
2025-04-04 23:50:39.000000,0.01,0.01
2025-04-05 00:05:43.000000,0.01,3.55
2025-04-05 00:05:43.000000,3.55,3.55
2025-04-05 00:20:44.000000,0.01,3.55
2025-04-05 00:20:44.000000,3.55,3.55
2025-04-05 00:35:48.000000,0.01,3.55
2025-04-05 00:35:48.000000,3.55,3.55
2025-04-05 00:50:48.000000,3.55,0.01
2025-04-05 00:50:48.000000,0.01,0.01
2025-04-05 01:05:52.000000,3.54,0.01
2025-04-05 01:05:52.000000,0.01,0.01
2025-04-05 01:20:53.000000,0.01,3.54
2025-04-05 01:20:53.000000,3.54,3.54
2025-04-05 01:35:56.000000,0.01,3.54
2025-04-05 01:35:56.000000,3.54,3.54
2025-04-05 01:50:57.000000,0.01,3.54
2025-04-05 01:50:57.000000,3.54,3.54
2025-04-05 02:06:01.000000,3.53,0.01
2025-04-05 02:06:01.000000,0.01,0.01
2025-04-05 02:21:01.000000,3.53,0.01
2025-04-05 02:21:01.000000,0.01,0.01
2025-04-05 02:36:05.000000,3.53,0.0
2025-04-05 02:36:05.000000,0.0,0.0
2025-04-05 02:51:06.000000,3.53,0.0
2025-04-05 02:51:06.000000,0.0,0.0
2025-04-05 03:06:10.000000,0.01,3.52
2025-04-05 03:06:10.000000,3.52,3.52
2025-04-05 03:21:10.000000,0.0,3.52
2025-04-05 03:21:10.000000,3.52,3.52
2025-04-05 03:36:14.000000,3.52,0.03
2025-04-05 03:36:14.000000,0.03,0.03
2025-04-05 03:51:15.000000,3.52,0.03
2025-04-05 03:51:15.000000,0.03,0.03
2025-04-05 04:06:18.000000,3.51,0.03
2025-04-05 04:06:18.000000,0.03,0.03
2025-04-05 04:21:19.000000,3.51,0.04
2025-04-05 04:21:19.000000,0.04,0.04
2025-04-05 04:36:23.000000,0.17,3.51
2025-04-05 04:36:23.000000,3.51,3.51
2025-04-05 04:51:23.000000,3.51,1.17
2025-04-05 04:51:23.000000,1.17,1.17
2025-04-05 05:06:27.000000,1.79,3.51
2025-04-05 05:06:27.000000,3.51,3.51
2025-04-05 05:21:28.000000,2.06,3.51
2025-04-05 05:21:28.000000,3.51,3.51
2025-04-05 05:36:32.000000,3.51,2.29
2025-04-05 05:36:32.000000,2.29,2.29
2025-04-05 05:51:32.000000,2.39,3.52
2025-04-05 05:51:32.000000,3.52,3.52
2025-04-05 06:06:36.000000,2.44,3.52
2025-04-05 06:06:36.000000,3.52,3.52
2025-04-05 06:21:37.000000,3.53,2.52
2025-04-05 06:21:37.000000,2.52,2.52
2025-04-05 06:36:40.000000,2.61,3.55
2025-04-05 06:36:40.000000,3.55,3.55
2025-04-05 06:51:41.000000,3.56,2.66
2025-04-05 06:51:41.000000,2.66,2.66
2025-04-05 07:06:45.000000,3.59,2.68
2025-04-05 07:06:45.000000,2.68,2.68
2025-04-05 07:21:45.000000,3.61,2.69
2025-04-05 07:21:45.000000,2.69,2.69
2025-04-05 07:36:49.000000,3.62,2.71
2025-04-05 07:36:49.000000,2.71,2.71
2025-04-05 07:51:50.000000,2.83,3.62
2025-04-05 07:51:50.000000,3.62,3.62
2025-04-05 08:06:54.000000,3.83,3.62
2025-04-05 08:06:54.000000,3.62,3.62
2025-04-05 08:21:54.000000,3.62,3.8
2025-04-05 08:21:54.000000,3.8,3.8
2025-04-05 09:07:02.000000,3.62,3.81
2025-04-05 09:07:02.000000,3.81,3.81
2025-04-05 09:22:03.000000,3.62,3.81
2025-04-05 09:22:03.000000,3.81,3.81
2025-04-05 09:37:07.000000,3.79,3.62
2025-04-05 09:37:07.000000,3.62,3.62
2025-04-05 09:52:07.000000,3.8,3.62
2025-04-05 09:52:07.000000,3.62,3.62
2025-04-05 10:07:11.000000,3.79,3.62
2025-04-05 10:07:11.000000,3.62,3.62
2025-04-05 10:22:12.000000,3.8,3.62
2025-04-05 10:22:12.000000,3.62,3.62
2025-04-05 11:07:19.000000,3.61,3.77
2025-04-05 11:07:19.000000,3.77,3.77
2025-04-05 11:22:20.000000,3.61,3.76
2025-04-05 11:22:20.000000,3.76,3.76
2025-04-05 11:37:24.000000,3.79,3.62
2025-04-05 11:37:24.000000,3.62,3.62
2025-04-05 11:52:24.000000,3.77,3.62
2025-04-05 11:52:24.000000,3.62,3.62
2025-04-05 12:07:28.000000,3.62,3.77
2025-04-05 12:07:28.000000,3.77,3.77
2025-04-05 12:22:29.000000,3.62,3.77
2025-04-05 12:22:29.000000,3.77,3.77
2025-04-05 12:37:33.000000,3.62,3.3
2025-04-05 12:37:33.000000,3.3,3.3
2025-04-05 12:52:33.000000,3.62,3.82
2025-04-05 12:52:33.000000,3.82,3.82
2025-04-05 13:07:39.000000,3.62,2.76
2025-04-05 13:07:39.000000,2.76,2.76
2025-04-05 13:22:40.000000,3.62,2.73
2025-04-05 13:22:40.000000,2.73,2.73
2025-04-05 13:37:43.000000,3.62,2.63
2025-04-05 13:37:43.000000,2.63,2.63
2025-04-05 13:52:44.000000,3.62,2.62
2025-04-05 13:52:44.000000,2.62,2.62
2025-04-05 14:07:48.000000,3.62,2.74
2025-04-05 14:07:48.000000,2.74,2.74
2025-04-05 14:22:48.000000,3.82,3.62
2025-04-05 14:22:48.000000,3.62,3.62
2025-04-05 14:37:52.000000,3.62,3.83
2025-04-05 14:37:52.000000,3.83,3.83
2025-04-05 14:52:53.000000,2.73,3.62
2025-04-05 14:52:53.000000,3.62,3.62
2025-04-05 15:07:57.000000,3.62,2.57
2025-04-05 15:07:57.000000,2.57,2.57
2025-04-05 15:22:57.000000,3.62,2.66
2025-04-05 15:22:57.000000,2.66,2.66
2025-04-05 15:38:01.000000,2.77,3.63
2025-04-05 15:38:01.000000,3.63,3.63
2025-04-05 15:53:02.000000,3.62,2.74
2025-04-05 15:53:02.000000,2.74,2.74
2025-04-05 16:08:05.000000,2.72,3.62
2025-04-05 16:08:05.000000,3.62,3.62
2025-04-05 16:23:06.000000,3.62,2.68
2025-04-05 16:23:06.000000,2.68,2.68
2025-04-05 16:38:10.000000,2.6,3.62
2025-04-05 16:38:10.000000,3.62,3.62
2025-04-05 16:53:10.000000,3.62,2.55
2025-04-05 16:53:10.000000,2.55,2.55
2025-04-05 17:08:14.000000,2.57,3.62
2025-04-05 17:08:14.000000,3.62,3.62
2025-04-05 17:23:15.000000,3.62,2.54
2025-04-05 17:23:15.000000,2.54,2.54
2025-04-05 17:38:19.000000,3.62,2.31
2025-04-05 17:38:19.000000,2.31,2.31
2025-04-05 17:53:19.000000,2.01,3.62
2025-04-05 17:53:19.000000,3.62,3.62
2025-04-05 18:08:23.000000,3.62,1.54
2025-04-05 18:08:23.000000,1.54,1.54
2025-04-05 18:23:24.000000,3.62,0.61
2025-04-05 18:23:24.000000,0.61,0.61
2025-04-05 18:38:27.000000,0.07,3.61
2025-04-05 18:38:27.000000,3.61,3.61
2025-04-05 18:53:28.000000,3.61,0.04
2025-04-05 18:53:28.000000,0.04,0.04
2025-04-05 19:08:32.000000,0.03,3.61
2025-04-05 19:08:32.000000,3.61,3.61
2025-04-05 19:23:32.000000,3.6,0.03
2025-04-05 19:23:32.000000,0.03,0.03
2025-04-05 19:38:36.000000,3.6,0.03
2025-04-05 19:38:36.000000,0.03,0.03
2025-04-05 19:53:37.000000,3.6,0.03
2025-04-05 19:53:37.000000,0.03,0.03
2025-04-05 20:08:40.000000,3.6,0.03
2025-04-05 20:08:40.000000,0.03,0.03
2025-04-05 20:23:41.000000,0.03,3.59
2025-04-05 20:23:41.000000,3.59,3.59
2025-04-05 20:38:45.000000,0.01,3.59
2025-04-05 20:38:45.000000,3.59,3.59
2025-04-05 20:53:45.000000,0.01,3.59
2025-04-05 20:53:45.000000,3.59,3.59
2025-04-05 21:08:49.000000,3.59,0.01
2025-04-05 21:08:49.000000,0.01,0.01
2025-04-05 21:23:50.000000,3.58,0.01
2025-04-05 21:23:50.000000,0.01,0.01
2025-04-05 21:38:54.000000,3.58,0.01
2025-04-05 21:38:54.000000,0.01,0.01
2025-04-05 21:53:54.000000,0.01,3.58
2025-04-05 21:53:54.000000,3.58,3.58
2025-04-05 22:08:58.000000,0.01,3.58
2025-04-05 22:08:58.000000,3.58,3.58
2025-04-05 22:23:59.000000,3.57,0.01
2025-04-05 22:23:59.000000,0.01,0.01
2025-04-05 22:39:02.000000,0.01,3.57
2025-04-05 22:39:02.000000,3.57,3.57
2025-04-05 22:54:03.000000,0.01,3.57
2025-04-05 22:54:03.000000,3.57,3.57
2025-04-05 23:09:09.000000,0.01,3.56
2025-04-05 23:09:09.000000,3.56,3.56
2025-04-05 23:24:09.000000,0.01,3.56
2025-04-05 23:24:09.000000,3.56,3.56
2025-04-05 23:39:13.000000,3.56,0.01
2025-04-05 23:39:13.000000,0.01,0.01
2025-04-05 23:54:14.000000,3.56,0.01
2025-04-05 23:54:14.000000,0.01,0.01
2025-04-06 00:09:18.000000,0.01,3.55
2025-04-06 00:09:18.000000,3.55,3.55
2025-04-06 00:24:18.000000,0.01,3.55
2025-04-06 00:24:18.000000,3.55,3.55
2025-04-06 00:39:22.000000,3.55,0.01
2025-04-06 00:39:22.000000,0.01,0.01
2025-04-06 00:54:23.000000,3.55,0.01
2025-04-06 00:54:23.000000,0.01,0.01
2025-04-06 01:09:26.000000,3.54,0.01
2025-04-06 01:09:26.000000,0.01,0.01
2025-04-06 01:24:27.000000,0.01,3.54
2025-04-06 01:24:27.000000,3.54,3.54
2025-04-06 01:39:31.000000,0.01,3.54
2025-04-06 01:39:31.000000,3.54,3.54
2025-04-06 01:54:31.000000,0.01,3.54
2025-04-06 01:54:31.000000,3.54,3.54
2025-04-06 02:09:35.000000,0.01,3.54
2025-04-06 02:09:35.000000,3.54,3.54
2025-04-06 02:24:36.000000,3.53,0.01
2025-04-06 02:24:36.000000,0.01,0.01
2025-04-06 02:24:49.000000,0.01,3.53
2025-04-06 02:24:49.000000,3.53,3.53
2025-04-06 02:24:59.000000,0.01,3.53
2025-04-06 02:24:59.000000,3.53,3.53
2025-04-06 02:39:53.000000,3.53,0.01
2025-04-06 02:39:53.000000,0.01,0.01
2025-04-06 02:54:43.000000,0.01,3.53
2025-04-06 02:54:43.000000,3.53,3.53
2025-04-06 03:09:36.000000,0.01,3.52
2025-04-06 03:09:36.000000,3.52,3.52
2025-04-06 03:24:26.000000,0.03,3.52
2025-04-06 03:24:26.000000,3.52,3.52
2025-04-06 04:09:03.000000,3.51,0.04
2025-04-06 04:09:03.000000,0.04,0.04
2025-04-06 04:23:53.000000,0.06,3.51
2025-04-06 04:23:53.000000,3.51,3.51
2025-04-06 04:38:47.000000,0.47,3.51
2025-04-06 04:38:47.000000,3.51,3.51
2025-04-06 04:53:37.000000,1.42,3.51
2025-04-06 04:53:37.000000,3.51,3.51
2025-04-06 05:08:30.000000,1.9,3.51
2025-04-06 05:08:30.000000,3.51,3.51
2025-04-06 05:23:20.000000,2.14,3.51
2025-04-06 05:23:20.000000,3.51,3.51
2025-04-06 05:38:16.000000,3.51,2.36
2025-04-06 05:38:16.000000,2.36,2.36
2025-04-06 05:53:06.000000,2.42,3.52
2025-04-06 05:53:06.000000,3.52,3.52
2025-04-06 06:07:59.000000,2.46,3.53
2025-04-06 06:07:59.000000,3.53,3.53
2025-04-06 06:22:49.000000,2.53,3.54
2025-04-06 06:22:49.000000,3.54,3.54
2025-04-06 06:37:43.000000,3.55,2.62
2025-04-06 06:37:43.000000,2.62,2.62
2025-04-06 06:52:33.000000,2.68,3.57
2025-04-06 06:52:33.000000,3.57,3.57
2025-04-06 07:07:26.000000,2.69,3.59
2025-04-06 07:07:26.000000,3.59,3.59
2025-04-06 07:22:17.000000,2.7,3.62
2025-04-06 07:22:17.000000,3.62,3.62
2025-04-06 07:37:10.000000,2.93,3.63
2025-04-06 07:37:10.000000,3.63,3.63
2025-04-06 07:52:00.000000,3.62,2.82
2025-04-06 07:52:00.000000,2.82,2.82
2025-04-06 08:06:53.000000,3.82,3.62
2025-04-06 08:06:53.000000,3.62,3.62
2025-04-06 08:21:44.000000,3.62,3.82
2025-04-06 08:21:44.000000,3.82,3.82
2025-04-06 08:36:37.000000,3.62,3.82
2025-04-06 08:36:37.000000,3.82,3.82
2025-04-06 08:51:27.000000,3.62,3.82
2025-04-06 08:51:27.000000,3.82,3.82
2025-04-06 09:06:21.000000,3.82,3.62
2025-04-06 09:06:21.000000,3.62,3.62
2025-04-06 09:21:11.000000,3.62,3.82
2025-04-06 09:21:11.000000,3.82,3.82
2025-04-06 09:36:04.000000,3.82,3.62
2025-04-06 09:36:04.000000,3.62,3.62
2025-04-06 09:50:54.000000,3.82,3.62
2025-04-06 09:50:54.000000,3.62,3.62
2025-04-06 10:05:48.000000,3.82,3.62
2025-04-06 10:05:48.000000,3.62,3.62
2025-04-06 10:20:38.000000,3.62,3.9
2025-04-06 10:20:38.000000,3.9,3.9
2025-04-06 10:35:31.000000,3.82,3.62
2025-04-06 10:35:31.000000,3.62,3.62
2025-04-06 10:50:21.000000,3.62,3.82
2025-04-06 10:50:21.000000,3.82,3.82
2025-04-06 11:05:15.000000,3.82,3.62
2025-04-06 11:05:15.000000,3.62,3.62
2025-04-06 11:20:05.000000,3.81,3.62
2025-04-06 11:20:05.000000,3.62,3.62
2025-04-06 12:04:43.000000,3.82,3.62
2025-04-06 12:04:43.000000,3.62,3.62
2025-04-06 12:19:33.000000,3.62,3.82
2025-04-06 12:19:33.000000,3.82,3.82
2025-04-06 12:34:27.000000,3.62,2.63
2025-04-06 12:34:27.000000,2.63,2.63
2025-04-06 12:49:17.000000,2.72,3.62
2025-04-06 12:49:17.000000,3.62,3.62
2025-04-06 13:04:10.000000,3.78,3.63
2025-04-06 13:04:10.000000,3.63,3.63
2025-04-06 13:19:00.000000,3.63,3.79
2025-04-06 13:19:00.000000,3.79,3.79
2025-04-06 13:33:54.000000,2.68,3.63
2025-04-06 13:33:54.000000,3.63,3.63
2025-04-06 13:48:44.000000,2.68,3.63
2025-04-06 13:48:44.000000,3.63,3.63
2025-04-06 14:03:37.000000,3.63,3.82
2025-04-06 14:03:37.000000,3.82,3.82
2025-04-06 14:18:27.000000,3.63,2.76
2025-04-06 14:18:27.000000,2.76,2.76
2025-04-06 14:33:21.000000,3.74,3.63
2025-04-06 14:33:21.000000,3.63,3.63
2025-04-06 14:48:11.000000,3.63,2.67
2025-04-06 14:48:11.000000,2.67,2.67
2025-04-06 15:03:04.000000,2.83,3.63
2025-04-06 15:03:04.000000,3.63,3.63
2025-04-06 15:17:55.000000,2.62,3.62
2025-04-06 15:17:55.000000,3.62,3.62
2025-04-06 15:32:48.000000,3.62,2.63
2025-04-06 15:32:48.000000,2.63,2.63
2025-04-06 15:47:38.000000,3.62,2.6
2025-04-06 15:47:38.000000,2.6,2.6
2025-04-06 16:02:31.000000,3.62,2.59
2025-04-06 16:02:31.000000,2.59,2.59
2025-04-06 16:17:22.000000,3.62,2.56
2025-04-06 16:17:22.000000,2.56,2.56
2025-04-06 16:32:15.000000,3.62,2.53
2025-04-06 16:32:15.000000,2.53,2.53
2025-04-06 16:47:05.000000,3.62,2.55
2025-04-06 16:47:05.000000,2.55,2.55
2025-04-06 17:01:59.000000,2.49,3.62
2025-04-06 17:01:59.000000,3.62,3.62
2025-04-06 17:16:49.000000,2.38,3.62
2025-04-06 17:16:49.000000,3.62,3.62
2025-04-06 17:31:42.000000,2.28,3.62
2025-04-06 17:31:42.000000,3.62,3.62
2025-04-06 17:46:32.000000,3.62,2.09
2025-04-06 17:46:32.000000,2.09,2.09
2025-04-06 18:01:26.000000,1.8,3.62
2025-04-06 18:01:26.000000,3.62,3.62
2025-04-06 18:16:16.000000,3.62,1.22
2025-04-06 18:16:16.000000,1.22,1.22
2025-04-06 18:31:09.000000,3.61,0.37
2025-04-06 18:31:09.000000,0.37,0.37
2025-04-06 18:45:59.000000,0.06,3.61
2025-04-06 18:45:59.000000,3.61,3.61
2025-04-06 19:00:53.000000,3.61,0.04
2025-04-06 19:00:53.000000,0.04,0.04
2025-04-06 19:15:43.000000,3.61,0.03
2025-04-06 19:15:43.000000,0.03,0.03
2025-04-06 19:30:36.000000,0.03,3.6
2025-04-06 19:30:36.000000,3.6,3.6
2025-04-06 19:45:26.000000,3.6,0.03
2025-04-06 19:45:26.000000,0.03,0.03
2025-04-06 20:00:20.000000,3.6,0.04
2025-04-06 20:00:20.000000,0.04,0.04
2025-04-06 20:15:10.000000,0.03,3.6
2025-04-06 20:15:10.000000,3.6,3.6
2025-04-06 20:30:03.000000,0.01,3.59
2025-04-06 20:30:03.000000,3.59,3.59
2025-04-06 20:44:53.000000,3.59,0.01
2025-04-06 20:44:53.000000,0.01,0.01
2025-04-06 20:59:47.000000,3.59,0.01
2025-04-06 20:59:47.000000,0.01,0.01
2025-04-06 21:14:37.000000,0.01,3.58
2025-04-06 21:14:37.000000,3.58,3.58
2025-04-06 21:29:30.000000,3.58,0.01
2025-04-06 21:29:30.000000,0.01,0.01
2025-04-06 21:44:21.000000,3.58,0.01
2025-04-06 21:44:21.000000,0.01,0.01
2025-04-06 21:59:14.000000,3.58,0.01
2025-04-06 21:59:14.000000,0.01,0.01
2025-04-06 22:14:04.000000,0.01,3.57
2025-04-06 22:14:04.000000,3.57,3.57
2025-04-06 22:28:57.000000,0.01,3.57
2025-04-06 22:28:57.000000,3.57,3.57
2025-04-06 22:43:48.000000,0.01,3.57
2025-04-06 22:43:48.000000,3.57,3.57
2025-04-06 22:58:41.000000,0.01,3.57
2025-04-06 22:58:41.000000,3.57,3.57
2025-04-06 23:13:31.000000,3.56,0.01
2025-04-06 23:13:31.000000,0.01,0.01
2025-04-06 23:28:27.000000,0.01,3.56
2025-04-06 23:28:27.000000,3.56,3.56
2025-04-06 23:43:17.000000,0.01,3.56
2025-04-06 23:43:17.000000,3.56,3.56
2025-04-06 23:58:10.000000,3.56,0.01
2025-04-06 23:58:10.000000,0.01,0.01
2025-04-07 00:13:00.000000,3.55,0.01
2025-04-07 00:13:00.000000,0.01,0.01
2025-04-07 00:27:54.000000,0.01,3.55
2025-04-07 00:27:54.000000,3.55,3.55
2025-04-07 00:42:44.000000,3.55,0.01
2025-04-07 00:42:44.000000,0.01,0.01
2025-04-07 00:57:37.000000,3.55,0.01
2025-04-07 00:57:37.000000,0.01,0.01
2025-04-07 01:12:27.000000,3.54,0.01
2025-04-07 01:12:27.000000,0.01,0.01
2025-04-07 01:27:21.000000,3.54,0.01
2025-04-07 01:27:21.000000,0.01,0.01
2025-04-07 01:42:11.000000,0.01,3.54
2025-04-07 01:42:11.000000,3.54,3.54
2025-04-07 01:57:04.000000,0.01,3.53
2025-04-07 01:57:04.000000,3.53,3.53
2025-04-07 02:11:54.000000,0.01,3.53
2025-04-07 02:11:54.000000,3.53,3.53
2025-04-07 02:26:48.000000,0.01,3.53
2025-04-07 02:26:48.000000,3.53,3.53
2025-04-07 02:41:38.000000,0.01,3.53
2025-04-07 02:41:38.000000,3.53,3.53
2025-04-07 02:56:31.000000,3.52,0.01
2025-04-07 02:56:31.000000,0.01,0.01
2025-04-07 03:11:21.000000,3.52,0.01
2025-04-07 03:11:21.000000,0.01,0.01
2025-04-07 03:26:15.000000,0.04,3.52
2025-04-07 03:26:15.000000,3.52,3.52
2025-04-07 03:41:05.000000,3.51,0.04
2025-04-07 03:41:05.000000,0.04,0.04
2025-04-07 03:55:58.000000,3.51,0.04
2025-04-07 03:55:58.000000,0.04,0.04
2025-04-07 04:10:49.000000,3.51,0.05
2025-04-07 04:10:49.000000,0.05,0.05
2025-04-07 04:25:42.000000,0.0,3.51
2025-04-07 04:25:42.000000,3.51,3.51
2025-04-07 04:40:32.000000,0.75,3.51
2025-04-07 04:40:32.000000,3.51,3.51
2025-04-07 04:55:25.000000,1.62,3.5
2025-04-07 04:55:25.000000,3.5,3.5
2025-04-07 05:10:16.000000,3.5,2.03
2025-04-07 05:10:16.000000,2.03,2.03
2025-04-07 05:25:09.000000,3.51,2.24
2025-04-07 05:25:09.000000,2.24,2.24
2025-04-07 05:39:59.000000,3.51,2.52
2025-04-07 05:39:59.000000,2.52,2.52
2025-04-07 05:54:52.000000,3.52,2.51
2025-04-07 05:54:52.000000,2.51,2.51
2025-04-07 06:09:43.000000,2.55,3.53
2025-04-07 06:09:43.000000,3.53,3.53
2025-04-07 06:24:36.000000,3.55,2.63
2025-04-07 06:24:36.000000,2.63,2.63
2025-04-07 06:39:26.000000,2.71,3.56
2025-04-07 06:39:26.000000,3.56,3.56
2025-04-07 06:54:20.000000,3.59,2.76
2025-04-07 06:54:20.000000,2.76,2.76
2025-04-07 07:09:10.000000,3.61,2.78
2025-04-07 07:09:10.000000,2.78,2.78
2025-04-07 07:24:03.000000,3.62,2.78
2025-04-07 07:24:03.000000,2.78,2.78
2025-04-07 07:38:53.000000,3.63,3.81
2025-04-07 07:38:53.000000,3.81,3.81
2025-04-07 07:53:47.000000,2.82,3.63
2025-04-07 07:53:47.000000,3.63,3.63
2025-04-07 08:08:37.000000,3.62,3.81
2025-04-07 08:08:37.000000,3.81,3.81
2025-04-07 08:23:30.000000,3.62,3.82
2025-04-07 08:23:30.000000,3.82,3.82
2025-04-07 08:38:20.000000,3.82,3.62
2025-04-07 08:38:20.000000,3.62,3.62
2025-04-07 08:53:14.000000,3.62,3.82
2025-04-07 08:53:14.000000,3.82,3.82
2025-04-07 09:08:04.000000,3.82,3.62
2025-04-07 09:08:04.000000,3.62,3.62
2025-04-07 09:22:57.000000,3.62,3.82
2025-04-07 09:22:57.000000,3.82,3.82
2025-04-07 09:37:47.000000,3.82,3.62
2025-04-07 09:37:47.000000,3.62,3.62
2025-04-07 09:52:41.000000,3.62,3.82
2025-04-07 09:52:41.000000,3.82,3.82
2025-04-07 10:07:31.000000,3.62,3.82
2025-04-07 10:07:31.000000,3.82,3.82
2025-04-07 10:22:24.000000,3.62,3.82
2025-04-07 10:22:24.000000,3.82,3.82
2025-04-07 10:37:14.000000,3.83,3.62
2025-04-07 10:37:14.000000,3.62,3.62
2025-04-07 10:52:08.000000,3.62,3.83
2025-04-07 10:52:08.000000,3.83,3.83
2025-04-07 11:06:58.000000,3.62,3.83
2025-04-07 11:06:58.000000,3.83,3.83
2025-04-07 11:21:51.000000,3.83,3.62
2025-04-07 11:21:51.000000,3.62,3.62
2025-04-07 11:36:42.000000,3.62,3.83
2025-04-07 11:36:42.000000,3.83,3.83
2025-04-07 11:51:35.000000,3.62,3.83
2025-04-07 11:51:35.000000,3.83,3.83
2025-04-07 12:06:25.000000,3.83,3.62
2025-04-07 12:06:25.000000,3.62,3.62
2025-04-07 12:51:01.000000,3.62,2.76
2025-04-07 12:51:01.000000,2.76,2.76
2025-04-07 13:05:52.000000,3.63,2.91
2025-04-07 13:05:52.000000,2.91,2.91
2025-04-07 13:20:45.000000,3.63,2.92
2025-04-07 13:20:45.000000,2.92,2.92
2025-04-07 13:35:35.000000,3.62,2.7
2025-04-07 13:35:35.000000,2.7,2.7
2025-04-07 13:50:28.000000,2.76,3.62
2025-04-07 13:50:28.000000,3.62,3.62
2025-04-07 14:05:19.000000,3.63,2.76
2025-04-07 14:05:19.000000,2.76,2.76
2025-04-07 14:20:12.000000,2.75,3.63
2025-04-07 14:20:12.000000,3.63,3.63
2025-04-07 14:35:02.000000,3.82,3.63
2025-04-07 14:35:02.000000,3.63,3.63
2025-04-07 14:49:56.000000,3.63,2.76
2025-04-07 14:49:56.000000,2.76,2.76
2025-04-07 15:04:46.000000,3.63,2.72
2025-04-07 15:04:46.000000,2.72,2.72
2025-04-07 15:19:41.000000,2.62,3.62
2025-04-07 15:19:41.000000,3.62,3.62
2025-04-07 15:34:31.000000,3.62,2.63
2025-04-07 15:34:31.000000,2.63,2.63
2025-04-07 15:49:25.000000,2.62,3.62
2025-04-07 15:49:25.000000,3.62,3.62
2025-04-07 16:04:15.000000,2.6,3.62
2025-04-07 16:04:15.000000,3.62,3.62
2025-04-07 16:19:08.000000,2.57,3.62
2025-04-07 16:19:08.000000,3.62,3.62
2025-04-07 16:33:58.000000,3.62,2.54
2025-04-07 16:33:58.000000,2.54,2.54
2025-04-07 16:48:52.000000,3.62,2.5
2025-04-07 16:48:52.000000,2.5,2.5
2025-04-07 17:03:42.000000,2.48,3.62
2025-04-07 17:03:42.000000,3.62,3.62
2025-04-07 17:18:35.000000,3.62,2.38
2025-04-07 17:18:35.000000,2.38,2.38
2025-04-07 17:33:25.000000,2.27,3.62
2025-04-07 17:33:25.000000,3.62,3.62
2025-04-07 17:48:19.000000,3.62,2.04
2025-04-07 17:48:19.000000,2.04,2.04
2025-04-07 18:03:09.000000,1.79,3.62
2025-04-07 18:03:09.000000,3.62,3.62
2025-04-07 18:18:02.000000,1.31,3.62
2025-04-07 18:18:02.000000,3.62,3.62
2025-04-07 18:32:52.000000,0.45,3.61
2025-04-07 18:32:52.000000,3.61,3.61
2025-04-07 18:47:46.000000,3.61,0.06
2025-04-07 18:47:46.000000,0.06,0.06
2025-04-07 19:02:36.000000,0.04,3.61
2025-04-07 19:02:36.000000,3.61,3.61
2025-04-07 19:17:29.000000,3.6,0.04
2025-04-07 19:17:29.000000,0.04,0.04
2025-04-07 19:32:20.000000,3.6,0.04
2025-04-07 19:32:20.000000,0.04,0.04
2025-04-07 19:47:13.000000,3.6,0.04
2025-04-07 19:47:13.000000,0.04,0.04
2025-04-07 20:02:03.000000,3.6,0.04
2025-04-07 20:02:03.000000,0.04,0.04
2025-04-07 20:16:56.000000,3.59,0.03
2025-04-07 20:16:56.000000,0.03,0.03
2025-04-07 20:31:47.000000,3.59,0.01
2025-04-07 20:31:47.000000,0.01,0.01
2025-04-07 20:46:40.000000,0.01,3.59
2025-04-07 20:46:40.000000,3.59,3.59
2025-04-07 21:01:30.000000,0.01,3.59
2025-04-07 21:01:30.000000,3.59,3.59
2025-04-07 21:16:24.000000,3.58,0.01
2025-04-07 21:16:24.000000,0.01,0.01
2025-04-07 21:31:14.000000,3.58,0.01
2025-04-07 21:31:14.000000,0.01,0.01
2025-04-07 21:46:07.000000,0.01,3.58
2025-04-07 21:46:07.000000,3.58,3.58
2025-04-07 22:00:57.000000,3.58,0.01
2025-04-07 22:00:57.000000,0.01,0.01
2025-04-07 22:15:51.000000,3.57,0.01
2025-04-07 22:15:51.000000,0.01,0.01
2025-04-07 22:30:41.000000,0.01,3.57
2025-04-07 22:30:41.000000,3.57,3.57
2025-04-07 22:45:34.000000,0.01,3.57
2025-04-07 22:45:34.000000,3.57,3.57
2025-04-07 23:00:24.000000,0.01,3.57
2025-04-07 23:00:24.000000,3.57,3.57
2025-04-07 23:15:18.000000,0.01,3.56
2025-04-07 23:15:18.000000,3.56,3.56
2025-04-07 23:30:08.000000,3.56,0.01
2025-04-07 23:30:08.000000,0.01,0.01
2025-04-07 23:45:01.000000,3.56,0.01
2025-04-07 23:45:01.000000,0.01,0.01
2025-04-07 23:59:51.000000,3.56,0.01
2025-04-07 23:59:51.000000,0.01,0.01
2025-04-08 00:14:45.000000,0.01,3.55
2025-04-08 00:14:45.000000,3.55,3.55
2025-04-08 00:29:35.000000,0.01,3.55
2025-04-08 00:29:35.000000,3.55,3.55
2025-04-08 00:44:28.000000,3.55,0.01
2025-04-08 00:44:28.000000,0.01,0.01
2025-04-08 00:59:18.000000,0.01,3.55
2025-04-08 00:59:18.000000,3.55,3.55
2025-04-08 01:14:12.000000,3.55,0.01
2025-04-08 01:14:12.000000,0.01,0.01
2025-04-08 01:29:02.000000,0.01,3.54
2025-04-08 01:29:02.000000,3.54,3.54
2025-04-08 01:43:55.000000,3.54,0.01
2025-04-08 01:43:55.000000,0.01,0.01
2025-04-08 01:58:46.000000,3.54,0.01
2025-04-08 01:58:46.000000,0.01,0.01
2025-04-08 02:13:39.000000,3.53,0.01
2025-04-08 02:13:39.000000,0.01,0.01
2025-04-08 02:28:29.000000,3.53,0.01
2025-04-08 02:28:29.000000,0.01,0.01
2025-04-08 02:43:24.000000,3.53,0.01
2025-04-08 02:43:24.000000,0.01,0.01
2025-04-08 02:58:15.000000,0.01,3.53
2025-04-08 02:58:15.000000,3.53,3.53
2025-04-08 03:13:08.000000,3.52,0.01
2025-04-08 03:13:08.000000,0.01,0.01
2025-04-08 03:27:58.000000,0.03,3.52
2025-04-08 03:27:58.000000,3.52,3.52
2025-04-08 03:42:52.000000,3.52,0.04
2025-04-08 03:42:52.000000,0.04,0.04
2025-04-08 03:57:42.000000,0.04,3.52
2025-04-08 03:57:42.000000,3.52,3.52
2025-04-08 04:12:35.000000,3.51,0.05
2025-04-08 04:12:35.000000,0.05,0.05
2025-04-08 04:27:25.000000,3.51,0.07
2025-04-08 04:27:25.000000,0.07,0.07
2025-04-08 04:42:19.000000,0.99,3.51
2025-04-08 04:42:19.000000,3.51,3.51
2025-04-08 04:57:09.000000,1.74,3.51
2025-04-08 04:57:09.000000,3.51,3.51
2025-04-08 05:12:02.000000,2.09,3.51
2025-04-08 05:12:02.000000,3.51,3.51
2025-04-08 05:26:52.000000,2.27,3.51
2025-04-08 05:26:52.000000,3.51,3.51
2025-04-08 05:41:46.000000,3.52,2.54
2025-04-08 05:41:46.000000,2.54,2.54
2025-04-08 05:56:36.000000,2.51,3.53
2025-04-08 05:56:36.000000,3.53,3.53
2025-04-08 06:11:29.000000,2.54,3.54
2025-04-08 06:11:29.000000,3.54,3.54
2025-04-08 06:26:19.000000,3.55,2.62
2025-04-08 06:26:19.000000,2.62,2.62
2025-04-08 06:41:13.000000,3.57,2.7
2025-04-08 06:41:13.000000,2.7,2.7
2025-04-08 06:56:03.000000,2.74,3.59
2025-04-08 06:56:03.000000,3.59,3.59
2025-04-08 07:10:56.000000,2.78,3.62
2025-04-08 07:10:56.000000,3.62,3.62
2025-04-08 07:25:46.000000,3.62,2.75
2025-04-08 07:25:46.000000,2.75,2.75
2025-04-08 07:40:40.000000,3.81,3.63
2025-04-08 07:40:40.000000,3.63,3.63
2025-04-08 07:55:30.000000,3.62,3.81
2025-04-08 07:55:30.000000,3.81,3.81
2025-04-08 08:10:23.000000,3.62,3.82
2025-04-08 08:10:23.000000,3.82,3.82
2025-04-08 08:25:14.000000,3.62,3.83
2025-04-08 08:25:14.000000,3.83,3.83
2025-04-08 08:40:07.000000,3.83,3.62
2025-04-08 08:40:07.000000,3.62,3.62
2025-04-08 08:54:57.000000,3.62,3.82
2025-04-08 08:54:57.000000,3.82,3.82
2025-04-08 09:09:50.000000,3.83,3.62
2025-04-08 09:09:50.000000,3.62,3.62
2025-04-08 09:24:41.000000,3.62,3.82
2025-04-08 09:24:41.000000,3.82,3.82
2025-04-08 10:39:01.000000,3.62,3.83
2025-04-08 10:39:01.000000,3.83,3.83
2025-04-08 10:53:51.000000,3.83,3.62
2025-04-08 10:53:51.000000,3.62,3.62
2025-04-08 11:08:45.000000,3.82,3.62
2025-04-08 11:08:45.000000,3.62,3.62
2025-04-08 11:23:35.000000,3.83,3.62
2025-04-08 11:23:35.000000,3.62,3.62
2025-04-08 11:38:28.000000,3.62,3.8
2025-04-08 11:38:28.000000,3.8,3.8
2025-04-08 11:53:18.000000,3.62,3.82
2025-04-08 11:53:18.000000,3.82,3.82
2025-04-08 12:08:12.000000,3.81,3.62
2025-04-08 12:08:12.000000,3.62,3.62
2025-04-08 12:23:02.000000,3.81,3.62
2025-04-08 12:23:02.000000,3.62,3.62
2025-04-08 12:37:55.000000,3.62,2.72
2025-04-08 12:37:55.000000,2.72,2.72
2025-04-08 12:52:45.000000,2.79,3.62
2025-04-08 12:52:45.000000,3.62,3.62
2025-04-08 13:37:22.000000,3.62,2.79
2025-04-08 13:37:22.000000,2.79,2.79
2025-04-08 13:52:12.000000,2.76,3.62
2025-04-08 13:52:12.000000,3.62,3.62
2025-04-08 14:07:05.000000,3.63,2.91
2025-04-08 14:07:05.000000,2.91,2.91
2025-04-08 14:21:55.000000,3.63,2.76
2025-04-08 14:21:55.000000,2.76,2.76
2025-04-08 14:36:49.000000,3.78,3.62
2025-04-08 14:36:49.000000,3.62,3.62
2025-04-08 14:51:39.000000,3.63,3.8
2025-04-08 14:51:39.000000,3.8,3.8
2025-04-08 15:06:32.000000,3.63,2.72
2025-04-08 15:06:32.000000,2.72,2.72
2025-04-08 15:21:23.000000,3.62,2.71
2025-04-08 15:21:23.000000,2.71,2.71
2025-04-08 15:36:16.000000,3.62,2.67
2025-04-08 15:36:16.000000,2.67,2.67
2025-04-08 15:51:06.000000,2.64,3.62
2025-04-08 15:51:06.000000,3.62,3.62
2025-04-08 16:05:59.000000,2.63,3.62
2025-04-08 16:05:59.000000,3.62,3.62
2025-04-08 16:20:50.000000,3.62,2.6
2025-04-08 16:20:50.000000,2.6,2.6
2025-04-08 16:35:43.000000,3.62,2.59
2025-04-08 16:35:43.000000,2.59,2.59
2025-04-08 16:50:33.000000,3.62,2.54
2025-04-08 16:50:33.000000,2.54,2.54
2025-04-08 17:05:26.000000,2.51,3.62
2025-04-08 17:05:26.000000,3.62,3.62
2025-04-08 17:20:17.000000,3.62,2.37
2025-04-08 17:20:17.000000,2.37,2.37
2025-04-08 17:20:29.000000,2.38,3.62
2025-04-08 17:20:29.000000,3.62,3.62
2025-04-08 17:20:38.000000,3.62,2.37
2025-04-08 17:20:38.000000,2.37,2.37
2025-04-08 17:35:49.000000,3.62,2.25
2025-04-08 17:35:49.000000,2.25,2.25
2025-04-08 17:50:57.000000,3.62,2.08
2025-04-08 17:50:57.000000,2.08,2.08
2025-04-08 18:06:09.000000,3.62,1.78
2025-04-08 18:06:09.000000,1.78,1.78
2025-04-08 18:21:17.000000,3.62,1.03
2025-04-08 18:21:17.000000,1.03,1.03
2025-04-08 18:36:28.000000,3.61,0.09
2025-04-08 18:36:28.000000,0.09,0.09
2025-04-08 18:51:36.000000,0.05,3.61
2025-04-08 18:51:36.000000,3.61,3.61
2025-04-08 19:06:47.000000,0.04,3.61
2025-04-08 19:06:47.000000,3.61,3.61
2025-04-08 19:21:55.000000,3.6,0.03
2025-04-08 19:21:55.000000,0.03,0.03
2025-04-08 19:37:08.000000,3.6,0.03
2025-04-08 19:37:08.000000,0.03,0.03
2025-04-08 19:52:16.000000,3.6,0.04
2025-04-08 19:52:16.000000,0.04,0.04
2025-04-08 20:07:28.000000,3.6,0.04
2025-04-08 20:07:28.000000,0.04,0.04
2025-04-08 20:22:36.000000,3.59,0.04
2025-04-08 20:22:36.000000,0.04,0.04
2025-04-08 20:37:47.000000,3.59,0.01
2025-04-08 20:37:47.000000,0.01,0.01
2025-04-08 20:52:55.000000,0.01,3.59
2025-04-08 20:52:55.000000,3.59,3.59
2025-04-08 21:08:06.000000,3.59,0.01
2025-04-08 21:08:06.000000,0.01,0.01
2025-04-08 21:23:14.000000,0.01,3.58
2025-04-08 21:23:14.000000,3.58,3.58
2025-04-08 21:38:25.000000,3.58,0.01
2025-04-08 21:38:25.000000,0.01,0.01
2025-04-08 21:53:33.000000,0.01,3.58
2025-04-08 21:53:33.000000,3.58,3.58
2025-04-08 22:08:45.000000,0.01,3.57
2025-04-08 22:08:45.000000,3.57,3.57
2025-04-08 22:23:53.000000,0.01,3.57
2025-04-08 22:23:53.000000,3.57,3.57
2025-04-08 22:39:04.000000,0.01,3.57
2025-04-08 22:39:04.000000,3.57,3.57
2025-04-08 22:54:12.000000,0.01,3.57
2025-04-08 22:54:12.000000,3.57,3.57
2025-04-08 23:09:23.000000,0.01,3.56
2025-04-08 23:09:23.000000,3.56,3.56
2025-04-08 23:24:31.000000,3.56,0.01
2025-04-08 23:24:31.000000,0.01,0.01
2025-04-08 23:39:42.000000,3.56,0.01
2025-04-08 23:39:42.000000,0.01,0.01
2025-04-08 23:54:51.000000,0.01,3.56
2025-04-08 23:54:51.000000,3.56,3.56
2025-04-09 00:10:02.000000,0.01,3.55
2025-04-09 00:10:02.000000,3.55,3.55
2025-04-09 00:25:10.000000,0.01,3.55
2025-04-09 00:25:10.000000,3.55,3.55
2025-04-09 00:40:21.000000,3.55,0.01
2025-04-09 00:40:21.000000,0.01,0.01
2025-04-09 00:55:29.000000,3.54,0.01
2025-04-09 00:55:29.000000,0.01,0.01
2025-04-09 01:10:42.000000,0.01,3.54
2025-04-09 01:10:42.000000,3.54,3.54
2025-04-09 01:25:50.000000,3.54,0.01
2025-04-09 01:25:50.000000,0.01,0.01
2025-04-09 01:41:01.000000,0.01,3.54
2025-04-09 01:41:01.000000,3.54,3.54
2025-04-09 01:56:10.000000,3.54,0.01
2025-04-09 01:56:10.000000,0.01,0.01
2025-04-09 02:11:21.000000,0.01,3.53
2025-04-09 02:11:21.000000,3.53,3.53
2025-04-09 02:26:29.000000,0.01,3.53
2025-04-09 02:26:29.000000,3.53,3.53
2025-04-09 02:41:40.000000,0.01,3.53
2025-04-09 02:41:40.000000,3.53,3.53
2025-04-09 02:56:48.000000,3.53,0.01
2025-04-09 02:56:48.000000,0.01,0.01
2025-04-09 03:11:59.000000,0.01,3.52
2025-04-09 03:11:59.000000,3.52,3.52
2025-04-09 03:27:07.000000,0.04,3.52
2025-04-09 03:27:07.000000,3.52,3.52
2025-04-09 03:42:18.000000,3.52,0.04
2025-04-09 03:42:18.000000,0.04,0.04
2025-04-09 03:57:27.000000,0.04,3.51
2025-04-09 03:57:27.000000,3.51,3.51
2025-04-09 04:12:38.000000,3.51,0.05
2025-04-09 04:12:38.000000,0.05,0.05
2025-04-09 04:27:46.000000,3.51,0.0
2025-04-09 04:27:46.000000,0.0,0.0
2025-04-09 04:42:57.000000,0.99,3.51
2025-04-09 04:42:57.000000,3.51,3.51
2025-04-09 04:58:05.000000,3.51,1.73
2025-04-09 04:58:05.000000,1.73,1.73
2025-04-09 05:13:16.000000,3.51,2.25
2025-04-09 05:13:16.000000,2.25,2.25
2025-04-09 05:28:24.000000,2.51,3.52
2025-04-09 05:28:24.000000,3.52,3.52
2025-04-09 05:43:36.000000,2.7,3.54
2025-04-09 05:43:36.000000,3.54,3.54
2025-04-09 05:58:44.000000,3.56,2.74
2025-04-09 05:58:44.000000,2.74,2.74
2025-04-09 06:13:55.000000,3.59,2.77
2025-04-09 06:13:55.000000,2.77,2.77
2025-04-09 06:29:03.000000,3.62,2.76
2025-04-09 06:29:03.000000,2.76,2.76
2025-04-09 07:14:33.000000,3.62,2.76
2025-04-09 07:14:33.000000,2.76,2.76
2025-04-09 07:29:41.000000,3.81,3.63
2025-04-09 07:29:41.000000,3.63,3.63
2025-04-09 07:44:55.000000,3.63,3.82
2025-04-09 07:44:55.000000,3.82,3.82
2025-04-09 08:00:03.000000,3.63,3.82
2025-04-09 08:00:03.000000,3.82,3.82
2025-04-09 08:15:14.000000,3.62,3.82
2025-04-09 08:15:14.000000,3.82,3.82
2025-04-09 08:30:22.000000,3.62,3.83
2025-04-09 08:30:22.000000,3.83,3.83
2025-04-10 10:31:58.000000,3.83,3.62
2025-04-10 10:31:58.000000,3.62,3.62
2025-04-10 10:47:06.000000,3.62,3.82
2025-04-10 10:47:06.000000,3.82,3.82
2025-04-10 11:02:18.000000,3.82,3.62
2025-04-10 11:02:18.000000,3.62,3.62
2025-04-10 11:17:26.000000,3.83,3.62
2025-04-10 11:17:26.000000,3.62,3.62
2025-04-10 11:32:37.000000,3.83,3.62
2025-04-10 11:32:37.000000,3.62,3.62
2025-04-10 11:47:45.000000,3.83,3.62
2025-04-10 11:47:45.000000,3.62,3.62
2025-04-10 12:02:56.000000,3.62,3.83
2025-04-10 12:02:56.000000,3.83,3.83
2025-04-10 12:18:04.000000,3.83,3.62
2025-04-10 12:18:04.000000,3.62,3.62
2025-04-10 12:33:15.000000,3.82,3.62
2025-04-10 12:33:15.000000,3.62,3.62
2025-04-10 12:48:23.000000,3.62,3.46
2025-04-10 12:48:23.000000,3.46,3.46
2025-04-10 13:03:35.000000,2.73,3.62
2025-04-10 13:03:35.000000,3.62,3.62
2025-04-10 13:18:43.000000,3.62,2.87
2025-04-10 13:18:43.000000,2.87,2.87
2025-04-10 13:33:54.000000,3.76,3.62
2025-04-10 13:33:54.000000,3.62,3.62
2025-04-10 13:49:02.000000,2.72,3.62
2025-04-10 13:49:02.000000,3.62,3.62
2025-04-10 14:04:13.000000,2.69,3.62
2025-04-10 14:04:13.000000,3.62,3.62
2025-04-10 14:19:21.000000,3.62,2.7
2025-04-10 14:19:21.000000,2.7,2.7
2025-04-10 15:04:51.000000,3.62,2.66
2025-04-10 15:04:51.000000,2.66,2.66
2025-04-10 15:19:59.000000,3.62,2.65
2025-04-10 15:19:59.000000,2.65,2.65
2025-04-10 15:35:10.000000,3.62,2.65
2025-04-10 15:35:10.000000,2.65,2.65
2025-04-10 15:50:18.000000,3.62,3.38
2025-04-10 15:50:18.000000,3.38,3.38
2025-04-10 16:05:30.000000,3.62,2.61
2025-04-10 16:05:30.000000,2.61,2.61
2025-04-10 16:20:38.000000,3.62,2.58
2025-04-10 16:20:38.000000,2.58,2.58
2025-04-10 16:35:49.000000,3.62,2.55
2025-04-10 16:35:49.000000,2.55,2.55
2025-04-10 16:50:57.000000,3.62,3.19
2025-04-10 16:50:57.000000,3.19,3.19
2025-04-10 17:06:08.000000,2.47,3.62
2025-04-10 17:06:08.000000,3.62,3.62
2025-04-10 17:21:16.000000,2.39,3.62
2025-04-10 17:21:16.000000,3.62,3.62
2025-04-10 17:36:27.000000,3.62,2.29
2025-04-10 17:36:27.000000,2.29,2.29
2025-04-10 17:51:35.000000,2.12,3.62
2025-04-10 17:51:35.000000,3.62,3.62
2025-04-10 18:06:47.000000,1.83,3.62
2025-04-10 18:06:47.000000,3.62,3.62
2025-04-10 18:21:55.000000,3.62,1.32
2025-04-10 18:21:55.000000,1.32,1.32
2025-04-10 18:37:06.000000,0.51,3.61
2025-04-10 18:37:06.000000,3.61,3.61
2025-04-10 18:52:14.000000,3.61,0.06
2025-04-10 18:52:14.000000,0.06,0.06
2025-04-10 19:07:25.000000,3.61,0.04
2025-04-10 19:07:25.000000,0.04,0.04
2025-04-10 19:22:33.000000,3.61,0.04
2025-04-10 19:22:33.000000,0.04,0.04
2025-04-10 19:37:44.000000,3.6,0.04
2025-04-10 19:37:44.000000,0.04,0.04
2025-04-10 19:52:52.000000,0.04,3.6
2025-04-10 19:52:52.000000,3.6,3.6
2025-04-10 20:08:04.000000,0.04,3.6
2025-04-10 20:08:04.000000,3.6,3.6
2025-04-10 20:23:12.000000,0.04,3.59
2025-04-10 20:23:12.000000,3.59,3.59
2025-04-10 20:38:23.000000,3.59,0.01
2025-04-10 20:38:23.000000,0.01,0.01
2025-04-10 20:53:31.000000,0.02,3.59
2025-04-10 20:53:31.000000,3.59,3.59
2025-04-10 21:08:42.000000,0.02,3.59
2025-04-10 21:08:42.000000,3.59,3.59
2025-04-10 21:23:50.000000,0.01,3.58
2025-04-10 21:23:50.000000,3.58,3.58
2025-04-10 21:39:01.000000,3.58,0.01
2025-04-10 21:39:01.000000,0.01,0.01
2025-04-10 21:54:09.000000,0.01,3.58
2025-04-10 21:54:09.000000,3.58,3.58
2025-04-10 22:09:21.000000,0.01,3.58
2025-04-10 22:09:21.000000,3.58,3.58
2025-04-10 22:24:29.000000,0.02,3.57
2025-04-10 22:24:29.000000,3.57,3.57
2025-04-10 22:39:40.000000,3.57,0.01
2025-04-10 22:39:40.000000,0.01,0.01
2025-04-10 22:54:48.000000,3.57,0.01
2025-04-10 22:54:48.000000,0.01,0.01
2025-04-10 23:09:59.000000,3.56,0.01
2025-04-10 23:09:59.000000,0.01,0.01
2025-04-10 23:25:07.000000,3.56,0.01
2025-04-10 23:25:07.000000,0.01,0.01
2025-04-10 23:40:18.000000,0.01,3.56
2025-04-10 23:40:18.000000,3.56,3.56
2025-04-10 23:55:26.000000,0.01,3.56
2025-04-10 23:55:26.000000,3.56,3.56
2025-04-11 00:10:38.000000,3.55,0.01
2025-04-11 00:10:38.000000,0.01,0.01
2025-04-11 00:25:46.000000,3.55,0.01
2025-04-11 00:25:46.000000,0.01,0.01
2025-04-11 00:40:59.000000,3.55,0.0
2025-04-11 00:40:59.000000,0.0,0.0
2025-04-11 00:56:07.000000,0.01,3.55
2025-04-11 00:56:07.000000,3.55,3.55
2025-04-11 01:11:18.000000,0.0,3.54
2025-04-11 01:11:18.000000,3.54,3.54
2025-04-11 01:26:26.000000,0.0,3.54
2025-04-11 01:26:26.000000,3.54,3.54
2025-04-11 01:41:37.000000,0.01,3.54
2025-04-11 01:41:37.000000,3.54,3.54
2025-04-11 01:56:46.000000,0.0,3.54
2025-04-11 01:56:46.000000,3.54,3.54
2025-04-11 02:11:57.000000,0.0,3.53
2025-04-11 02:11:57.000000,3.53,3.53
2025-04-11 02:27:05.000000,3.53,0.01
2025-04-11 02:27:05.000000,0.01,0.01
2025-04-11 02:42:16.000000,3.53,0.01
2025-04-11 02:42:16.000000,0.01,0.01
2025-04-11 02:57:24.000000,0.0,3.53
2025-04-11 02:57:24.000000,3.53,3.53
2025-04-11 03:12:35.000000,3.52,0.01
2025-04-11 03:12:35.000000,0.01,0.01
2025-04-11 03:27:43.000000,3.52,0.03
2025-04-11 03:27:43.000000,0.03,0.03
2025-04-11 03:42:54.000000,3.52,0.03
2025-04-11 03:42:54.000000,0.03,0.03
2025-04-11 03:58:03.000000,3.52,0.03
2025-04-11 03:58:03.000000,0.03,0.03
2025-04-11 04:13:14.000000,0.05,3.51
2025-04-11 04:13:14.000000,3.51,3.51
2025-04-11 04:28:22.000000,3.51,0.23
2025-04-11 04:28:22.000000,0.23,0.23
2025-04-11 04:43:33.000000,1.3,3.51
2025-04-11 04:43:33.000000,3.51,3.51
2025-04-11 04:58:41.000000,1.84,3.51
2025-04-11 04:58:41.000000,3.51,3.51
2025-04-11 05:13:52.000000,3.51,2.1
2025-04-11 05:13:52.000000,2.1,2.1
2025-04-11 05:29:00.000000,2.37,3.51
2025-04-11 05:29:00.000000,3.51,3.51
2025-04-11 05:44:11.000000,2.52,3.52
2025-04-11 05:44:11.000000,3.52,3.52
2025-04-11 05:59:20.000000,2.52,3.53
2025-04-11 05:59:20.000000,3.53,3.53
2025-04-11 06:14:31.000000,3.55,2.57
2025-04-11 06:14:31.000000,2.57,2.57
2025-04-11 06:29:39.000000,2.66,3.56
2025-04-11 06:29:39.000000,3.56,3.56
2025-04-11 06:44:50.000000,3.58,2.7
2025-04-11 06:44:50.000000,2.7,2.7
2025-04-11 06:59:58.000000,3.61,2.75
2025-04-11 06:59:58.000000,2.75,2.75
2025-04-11 07:15:09.000000,2.76,3.62
2025-04-11 07:15:09.000000,3.62,3.62
2025-04-11 07:30:17.000000,3.8,3.63
2025-04-11 07:30:17.000000,3.63,3.63
2025-04-11 07:45:29.000000,3.63,2.92
2025-04-11 07:45:29.000000,2.92,2.92
2025-04-11 08:00:37.000000,3.76,3.62
2025-04-11 08:00:37.000000,3.62,3.62
2025-04-11 08:15:48.000000,3.82,3.62
2025-04-11 08:15:48.000000,3.62,3.62
2025-04-11 08:30:56.000000,3.62,3.82
2025-04-11 08:30:56.000000,3.82,3.82
2025-04-11 08:46:07.000000,3.83,3.62
2025-04-11 08:46:07.000000,3.62,3.62
2025-04-11 09:01:15.000000,3.62,3.83
2025-04-11 09:01:15.000000,3.83,3.83
2025-04-11 09:31:46.000000,3.62,3.81
2025-04-11 09:31:46.000000,3.81,3.81
2025-04-11 09:31:54.000000,3.81,3.62
2025-04-11 09:31:54.000000,3.62,3.62
2025-04-11 09:47:01.000000,3.8,3.62
2025-04-11 09:47:01.000000,3.62,3.62
2025-04-11 10:02:04.000000,3.62,3.81
2025-04-11 10:02:04.000000,3.81,3.81
2025-04-11 10:47:21.000000,3.62,3.81
2025-04-11 10:47:21.000000,3.81,3.81
2025-04-11 11:02:24.000000,3.81,3.62
2025-04-11 11:02:24.000000,3.62,3.62
2025-04-11 11:17:33.000000,3.62,3.78
2025-04-11 11:17:33.000000,3.78,3.78
2025-04-11 11:32:37.000000,3.62,3.8
2025-04-11 11:32:37.000000,3.8,3.8
2025-04-11 11:47:43.000000,3.62,3.79
2025-04-11 11:47:43.000000,3.79,3.79
2025-04-11 12:02:47.000000,3.81,3.62
2025-04-11 12:02:47.000000,3.62,3.62
2025-04-11 12:17:53.000000,3.62,3.81
2025-04-11 12:17:53.000000,3.81,3.81
2025-04-11 12:32:57.000000,3.79,3.62
2025-04-11 12:32:57.000000,3.62,3.62
2025-04-11 12:48:03.000000,3.62,2.64
2025-04-11 12:48:03.000000,2.64,2.64
2025-04-11 13:03:07.000000,2.67,3.62
2025-04-11 13:03:07.000000,3.62,3.62
2025-04-11 13:18:14.000000,3.62,2.65
2025-04-11 13:18:14.000000,2.65,2.65
2025-04-11 13:33:17.000000,3.62,3.83
2025-04-11 13:33:17.000000,3.83,3.83
2025-04-11 13:48:24.000000,3.62,2.59
2025-04-11 13:48:24.000000,2.59,2.59
2025-04-11 14:03:27.000000,2.85,3.63
2025-04-11 14:03:27.000000,3.63,3.63
2025-04-11 14:18:34.000000,3.62,2.67
2025-04-11 14:18:34.000000,2.67,2.67
2025-04-11 14:33:37.000000,2.6,3.62
2025-04-11 14:33:37.000000,3.62,3.62
2025-04-11 14:48:44.000000,2.58,3.62
2025-04-11 14:48:44.000000,3.62,3.62
2025-04-11 15:03:47.000000,2.58,3.62
2025-04-11 15:03:47.000000,3.62,3.62
2025-04-11 15:49:04.000000,3.62,3.3
2025-04-11 15:49:04.000000,3.3,3.3
2025-04-11 16:04:07.000000,3.62,2.57
2025-04-11 16:04:07.000000,2.57,2.57
2025-04-11 16:19:14.000000,2.54,3.62
2025-04-11 16:19:14.000000,3.62,3.62
2025-04-11 16:34:17.000000,2.5,3.62
2025-04-11 16:34:17.000000,3.62,3.62
2025-04-11 16:49:26.000000,2.48,3.62
2025-04-11 16:49:26.000000,3.62,3.62
2025-04-11 17:04:29.000000,2.43,3.62
2025-04-11 17:04:29.000000,3.62,3.62
2025-04-11 17:19:36.000000,3.62,2.37
2025-04-11 17:19:36.000000,2.37,2.37
2025-04-11 17:34:39.000000,3.62,2.27
2025-04-11 17:34:39.000000,2.27,2.27
2025-04-11 17:49:46.000000,2.12,3.62
2025-04-11 17:49:46.000000,3.62,3.62
2025-04-11 18:04:50.000000,3.62,1.9
2025-04-11 18:04:50.000000,1.9,1.9
2025-04-11 18:19:56.000000,1.53,3.62
2025-04-11 18:19:56.000000,3.62,3.62
2025-04-11 18:35:00.000000,3.62,0.82
2025-04-11 18:35:00.000000,0.82,0.82
2025-04-11 18:50:06.000000,0.06,3.61
2025-04-11 18:50:06.000000,3.61,3.61
2025-04-11 19:05:10.000000,0.04,3.61
2025-04-11 19:05:10.000000,3.61,3.61
2025-04-11 19:20:16.000000,0.03,3.61
2025-04-11 19:20:16.000000,3.61,3.61
2025-04-11 19:35:20.000000,0.03,3.6
2025-04-11 19:35:20.000000,3.6,3.6
2025-04-11 19:50:26.000000,3.6,0.03
2025-04-11 19:50:26.000000,0.03,0.03
2025-04-11 20:05:30.000000,0.03,3.6
2025-04-11 20:05:30.000000,3.6,3.6
2025-04-11 20:20:37.000000,0.03,3.6
2025-04-11 20:20:37.000000,3.6,3.6
2025-04-11 20:35:40.000000,0.01,3.59
2025-04-11 20:35:40.000000,3.59,3.59
2025-04-11 20:50:47.000000,0.01,3.59
2025-04-11 20:50:47.000000,3.59,3.59
2025-04-11 21:05:50.000000,0.01,3.59
2025-04-11 21:05:50.000000,3.59,3.59
2025-04-11 21:20:57.000000,0.01,3.59
2025-04-11 21:20:57.000000,3.59,3.59
2025-04-11 21:36:00.000000,0.01,3.58
2025-04-11 21:36:00.000000,3.58,3.58
2025-04-11 21:51:07.000000,3.58,0.01
2025-04-11 21:51:07.000000,0.01,0.01
2025-04-11 22:06:10.000000,0.01,3.58
2025-04-11 22:06:10.000000,3.58,3.58
2025-04-11 22:21:17.000000,0.01,3.58
2025-04-11 22:21:17.000000,3.58,3.58
2025-04-11 22:36:21.000000,0.01,3.57
2025-04-11 22:36:21.000000,3.57,3.57
2025-04-11 22:51:27.000000,0.01,3.57
2025-04-11 22:51:27.000000,3.57,3.57
2025-04-11 23:06:31.000000,3.57,0.01
2025-04-11 23:06:31.000000,0.01,0.01
2025-04-11 23:21:37.000000,0.01,3.56
2025-04-11 23:21:37.000000,3.56,3.56
2025-04-11 23:36:41.000000,0.02,3.56
2025-04-11 23:36:41.000000,3.56,3.56
2025-04-11 23:51:47.000000,3.56,0.01
2025-04-11 23:51:47.000000,0.01,0.01
2025-04-12 00:06:51.000000,0.01,3.56
2025-04-12 00:06:51.000000,3.56,3.56
2025-04-12 00:21:58.000000,0.01,3.55
2025-04-12 00:21:58.000000,3.55,3.55
2025-04-12 00:37:01.000000,3.55,0.01
2025-04-12 00:37:01.000000,0.01,0.01
2025-04-12 00:52:08.000000,3.55,0.01
2025-04-12 00:52:08.000000,0.01,0.01
2025-04-12 01:07:11.000000,0.01,3.55
2025-04-12 01:07:11.000000,3.55,3.55
2025-04-12 01:22:18.000000,0.01,3.54
2025-04-12 01:22:18.000000,3.54,3.54
2025-04-12 01:37:21.000000,3.54,0.01
2025-04-12 01:37:21.000000,0.01,0.01
2025-04-12 01:52:28.000000,0.01,3.54
2025-04-12 01:52:28.000000,3.54,3.54
2025-04-12 02:07:31.000000,0.01,3.54
2025-04-12 02:07:31.000000,3.54,3.54
2025-04-12 02:22:40.000000,3.53,0.01
2025-04-12 02:22:40.000000,0.01,0.01
2025-04-12 02:37:43.000000,3.53,0.01
2025-04-12 02:37:43.000000,0.01,0.01
2025-04-12 02:52:50.000000,0.01,3.53
2025-04-12 02:52:50.000000,3.53,3.53
2025-04-12 03:07:54.000000,0.01,3.53
2025-04-12 03:07:54.000000,3.53,3.53
2025-04-12 03:23:00.000000,0.01,3.52
2025-04-12 03:23:00.000000,3.52,3.52
2025-04-12 03:38:04.000000,3.52,0.03
2025-04-12 03:38:04.000000,0.03,0.03
2025-04-12 03:53:10.000000,3.52,0.03
2025-04-12 03:53:10.000000,0.03,0.03
2025-04-12 04:08:14.000000,0.05,3.52
2025-04-12 04:08:14.000000,3.52,3.52
2025-04-12 04:23:20.000000,0.05,3.51
2025-04-12 04:23:20.000000,3.51,3.51
2025-04-12 04:38:24.000000,3.51,0.99
2025-04-12 04:38:24.000000,0.99,0.99
2025-04-12 04:53:31.000000,1.6,3.51
2025-04-12 04:53:31.000000,3.51,3.51
2025-04-12 05:08:34.000000,1.91,3.51
2025-04-12 05:08:34.000000,3.51,3.51
2025-04-12 05:23:41.000000,2.16,3.51
2025-04-12 05:23:41.000000,3.51,3.51
2025-04-12 05:38:44.000000,2.46,3.52
2025-04-12 05:38:44.000000,3.52,3.52
2025-04-12 05:53:51.000000,3.53,2.52
2025-04-12 05:53:51.000000,2.52,2.52
2025-04-12 06:08:54.000000,3.54,2.53
2025-04-12 06:08:54.000000,2.53,2.53
2025-04-12 06:24:01.000000,2.6,3.55
2025-04-12 06:24:01.000000,3.55,3.55
2025-04-12 06:39:04.000000,2.69,3.57
2025-04-12 06:39:04.000000,3.57,3.57
2025-04-12 06:54:11.000000,2.72,3.59
2025-04-12 06:54:11.000000,3.59,3.59
2025-04-12 07:09:15.000000,3.62,2.77
2025-04-12 07:09:15.000000,2.77,2.77
2025-04-12 07:24:21.000000,2.89,3.63
2025-04-12 07:24:21.000000,3.63,3.63
2025-04-12 07:39:25.000000,3.62,2.86
2025-04-12 07:39:25.000000,2.86,2.86
2025-04-12 07:54:31.000000,3.62,3.82
2025-04-12 07:54:31.000000,3.82,3.82
2025-04-12 08:09:35.000000,3.62,3.82
2025-04-12 08:09:35.000000,3.82,3.82
2025-04-12 08:24:41.000000,3.62,3.8
2025-04-12 08:24:41.000000,3.8,3.8
2025-04-12 08:39:45.000000,3.78,3.62
2025-04-12 08:39:45.000000,3.62,3.62
2025-04-12 08:54:51.000000,3.79,3.62
2025-04-12 08:54:51.000000,3.62,3.62
2025-04-12 09:09:55.000000,3.62,3.78
2025-04-12 09:09:55.000000,3.78,3.78
2025-04-12 09:25:02.000000,3.78,3.62
2025-04-12 09:25:02.000000,3.62,3.62
2025-04-12 09:40:05.000000,3.62,3.79
2025-04-12 09:40:05.000000,3.79,3.79
2025-04-12 09:55:12.000000,3.62,3.78
2025-04-12 09:55:12.000000,3.78,3.78
2025-04-12 10:10:15.000000,3.78,3.62
2025-04-12 10:10:15.000000,3.62,3.62
2025-04-12 10:25:22.000000,3.79,3.62
2025-04-12 10:25:22.000000,3.62,3.62
2025-04-12 10:40:25.000000,3.62,3.77
2025-04-12 10:40:25.000000,3.77,3.77
2025-04-12 10:55:32.000000,3.61,3.78
2025-04-12 10:55:32.000000,3.78,3.78
2025-04-12 11:10:35.000000,3.61,3.77
2025-04-12 11:10:35.000000,3.77,3.77
2025-04-12 11:25:42.000000,3.75,3.61
2025-04-12 11:25:42.000000,3.61,3.61
2025-04-12 11:40:46.000000,3.61,3.73
2025-04-12 11:40:46.000000,3.73,3.73
2025-04-12 11:55:52.000000,3.74,3.61
2025-04-12 11:55:52.000000,3.61,3.61
2025-04-12 12:10:56.000000,3.72,3.61
2025-04-12 12:10:56.000000,3.61,3.61
2025-04-12 12:26:02.000000,3.62,3.7
2025-04-12 12:26:02.000000,3.7,3.7
2025-04-12 12:41:06.000000,2.63,3.62
2025-04-12 12:41:06.000000,3.62,3.62
2025-04-12 12:56:12.000000,2.7,3.62
2025-04-12 12:56:12.000000,3.62,3.62
2025-04-12 13:11:16.000000,2.73,3.62
2025-04-12 13:11:16.000000,3.62,3.62
2025-04-12 13:26:23.000000,3.62,2.77
2025-04-12 13:26:23.000000,2.77,2.77
2025-04-12 13:41:26.000000,3.63,2.84
2025-04-12 13:41:26.000000,2.84,2.84
2025-04-12 13:56:33.000000,3.62,3.64
2025-04-12 13:56:33.000000,3.64,3.64
2025-04-12 14:11:36.000000,3.62,3.63
2025-04-12 14:11:36.000000,3.63,3.63
2025-04-12 14:26:43.000000,3.62,3.62
2025-04-12 14:26:43.000000,3.62,3.62
2025-04-12 14:41:46.000000,3.62,2.79
2025-04-12 14:41:46.000000,2.79,2.79
2025-04-12 14:56:53.000000,2.74,3.62
2025-04-12 14:56:53.000000,3.62,3.62
2025-04-12 15:11:56.000000,3.62,3.46
2025-04-12 15:11:56.000000,3.46,3.46
2025-04-12 15:27:03.000000,3.62,2.72
2025-04-12 15:27:03.000000,2.72,2.72
2025-04-12 15:42:07.000000,3.62,2.73
2025-04-12 15:42:07.000000,2.73,2.73
2025-04-12 16:27:23.000000,3.62,2.73
2025-04-12 16:27:23.000000,2.73,2.73
2025-04-12 16:42:26.000000,2.71,3.62
2025-04-12 16:42:26.000000,3.62,3.62
2025-04-12 16:57:33.000000,3.62,2.58
2025-04-12 16:57:33.000000,2.58,2.58
2025-04-12 17:12:36.000000,3.62,2.56
2025-04-12 17:12:36.000000,2.56,2.56
2025-04-12 17:27:43.000000,3.62,2.47
2025-04-12 17:27:43.000000,2.47,2.47
2025-04-12 17:42:46.000000,3.62,2.31
2025-04-12 17:42:46.000000,2.31,2.31
2025-04-12 17:57:53.000000,3.62,2.13
2025-04-12 17:57:53.000000,2.13,2.13
2025-04-12 18:12:57.000000,3.62,1.49
2025-04-12 18:12:57.000000,1.49,1.49
2025-04-12 18:58:13.000000,3.61,0.04
2025-04-12 18:58:13.000000,0.04,0.04
2025-04-12 19:13:17.000000,0.03,3.61
2025-04-12 19:13:17.000000,3.61,3.61
2025-04-12 19:58:33.000000,3.6,0.03
2025-04-12 19:58:33.000000,0.03,0.03
2025-04-12 20:13:37.000000,3.6,0.02
2025-04-12 20:13:37.000000,0.02,0.02
2025-04-12 20:28:46.000000,0.01,3.6
2025-04-12 20:28:46.000000,3.6,3.6
2025-04-12 20:43:49.000000,3.59,0.01
2025-04-12 20:43:49.000000,0.01,0.01
2025-04-12 20:58:56.000000,0.01,3.59
2025-04-12 20:58:56.000000,3.59,3.59
2025-04-12 21:13:59.000000,3.59,0.01
2025-04-12 21:13:59.000000,0.01,0.01
2025-04-12 21:29:06.000000,3.58,0.01
2025-04-12 21:29:06.000000,0.01,0.01
2025-04-12 21:44:09.000000,3.58,0.01
2025-04-12 21:44:09.000000,0.01,0.01
2025-04-12 21:59:16.000000,3.58,0.01
2025-04-12 21:59:16.000000,0.01,0.01
2025-04-12 22:14:19.000000,3.58,0.01
2025-04-12 22:14:19.000000,0.01,0.01
2025-04-12 22:59:36.000000,3.57,0.01
2025-04-12 22:59:36.000000,0.01,0.01
2025-04-12 23:14:40.000000,0.01,3.57
2025-04-12 23:14:40.000000,3.57,3.57
2025-04-12 23:29:46.000000,0.01,3.56
2025-04-12 23:29:46.000000,3.56,3.56
2025-04-12 23:44:50.000000,0.01,3.56
2025-04-12 23:44:50.000000,3.56,3.56
2025-04-12 23:59:56.000000,0.01,3.56
2025-04-12 23:59:56.000000,3.56,3.56
2025-04-13 00:15:00.000000,3.56,0.01
2025-04-13 00:15:00.000000,0.01,0.01
2025-04-13 01:00:17.000000,3.55,0.01
2025-04-13 01:00:17.000000,0.01,0.01
2025-04-13 01:15:20.000000,0.01,3.55
2025-04-13 01:15:20.000000,3.55,3.55
2025-04-13 01:30:27.000000,3.54,0.01
2025-04-13 01:30:27.000000,0.01,0.01
2025-04-13 01:45:30.000000,0.01,3.54
2025-04-13 01:45:30.000000,3.54,3.54
2025-04-13 02:30:47.000000,0.01,3.53
2025-04-13 02:30:47.000000,3.53,3.53
2025-04-13 02:45:51.000000,3.53,0.01
2025-04-13 02:45:51.000000,0.01,0.01
2025-04-13 03:00:57.000000,0.01,3.53
2025-04-13 03:00:57.000000,3.53,3.53
2025-04-13 03:16:01.000000,3.53,0.01
2025-04-13 03:16:01.000000,0.01,0.01
2025-04-13 04:01:17.000000,0.03,3.52
2025-04-13 04:01:17.000000,3.52,3.52
2025-04-13 04:16:21.000000,3.52,0.04
2025-04-13 04:16:21.000000,0.04,0.04
2025-04-13 04:31:28.000000,3.52,0.08
2025-04-13 04:31:28.000000,0.08,0.08
2025-04-13 04:46:31.000000,0.79,3.51
2025-04-13 04:46:31.000000,3.51,3.51
2025-04-13 05:01:38.000000,3.51,1.26
2025-04-13 05:01:38.000000,1.26,1.26
2025-04-13 05:16:41.000000,3.51,1.6
2025-04-13 05:16:41.000000,1.6,1.6
2025-04-13 06:01:58.000000,3.5,1.86
2025-04-13 06:01:58.000000,1.86,1.86
2025-04-13 06:17:01.000000,2.03,3.51
2025-04-13 06:17:01.000000,3.51,3.51
2025-04-13 07:02:18.000000,2.48,3.53
2025-04-13 07:02:18.000000,3.53,3.53
2025-04-13 07:17:22.000000,2.61,3.54
2025-04-13 07:17:22.000000,3.54,3.54
2025-04-13 08:02:38.000000,3.57,2.49
2025-04-13 08:02:38.000000,2.49,2.49
2025-04-13 08:17:42.000000,2.76,3.6
2025-04-13 08:17:42.000000,3.6,3.6
2025-04-13 08:32:48.000000,2.76,3.62
2025-04-13 08:32:48.000000,3.62,3.62
2025-04-13 08:47:52.000000,2.59,3.62
2025-04-13 08:47:52.000000,3.62,3.62
2025-04-13 09:03:01.000000,3.62,2.56
2025-04-13 09:03:01.000000,2.56,2.56
2025-04-13 09:18:04.000000,2.61,3.62
2025-04-13 09:18:04.000000,3.62,3.62
2025-04-13 09:33:11.000000,2.64,3.62
2025-04-13 09:33:11.000000,3.62,3.62
2025-04-13 09:48:14.000000,3.62,2.71
2025-04-13 09:48:14.000000,2.71,2.71
2025-04-13 10:33:31.000000,3.76,3.62
2025-04-13 10:33:31.000000,3.62,3.62
2025-04-13 10:48:34.000000,3.62,3.71
2025-04-13 10:48:34.000000,3.71,3.71
2025-04-13 11:33:51.000000,2.8,3.62
2025-04-13 11:33:51.000000,3.62,3.62
2025-04-13 11:48:55.000000,3.63,2.88
2025-04-13 11:48:55.000000,2.88,2.88
2025-04-13 12:04:01.000000,2.79,3.62
2025-04-13 12:04:01.000000,3.62,3.62
2025-04-13 12:19:05.000000,3.62,3.72
2025-04-13 12:19:05.000000,3.72,3.72
2025-04-13 12:34:11.000000,3.62,3.75
2025-04-13 12:34:11.000000,3.75,3.75
2025-04-13 12:49:15.000000,3.62,3.76
2025-04-13 12:49:15.000000,3.76,3.76
2025-04-13 13:04:21.000000,3.68,3.62
2025-04-13 13:04:21.000000,3.62,3.62
2025-04-13 13:19:25.000000,2.83,3.63
2025-04-13 13:19:25.000000,3.63,3.63
2025-04-13 13:34:32.000000,3.63,2.84
2025-04-13 13:34:32.000000,2.84,2.84
2025-04-13 13:49:35.000000,3.63,2.86
2025-04-13 13:49:35.000000,2.86,2.86
2025-04-13 14:04:42.000000,2.89,3.63
2025-04-13 14:04:42.000000,3.63,3.63
2025-04-13 14:19:45.000000,3.71,3.62
2025-04-13 14:19:45.000000,3.62,3.62
2025-04-13 14:34:52.000000,3.63,2.82
2025-04-13 14:34:52.000000,2.82,2.82
2025-04-13 14:49:55.000000,3.62,2.76
2025-04-13 14:49:55.000000,2.76,2.76
2025-04-13 15:05:02.000000,3.62,2.66
2025-04-13 15:05:02.000000,2.66,2.66
2025-04-13 15:20:05.000000,2.6,3.62
2025-04-13 15:20:05.000000,3.62,3.62
2025-04-13 15:35:12.000000,3.62,2.72
2025-04-13 15:35:12.000000,2.72,2.72
2025-04-13 15:50:16.000000,3.63,2.8
2025-04-13 15:50:16.000000,2.8,2.8
2025-04-13 16:05:22.000000,3.63,2.75
2025-04-13 16:05:22.000000,2.75,2.75
2025-04-13 16:20:26.000000,2.57,3.62
2025-04-13 16:20:26.000000,3.62,3.62
2025-04-13 17:05:42.000000,2.44,3.62
2025-04-13 17:05:42.000000,3.62,3.62
2025-04-13 17:20:45.000000,2.34,3.62
2025-04-13 17:20:45.000000,3.62,3.62
2025-04-13 17:35:52.000000,2.16,3.62
2025-04-13 17:35:52.000000,3.62,3.62
2025-04-13 17:50:55.000000,3.62,1.95
2025-04-13 17:50:55.000000,1.95,1.95
2025-04-13 18:06:02.000000,1.71,3.62
2025-04-13 18:06:02.000000,3.62,3.62
2025-04-13 18:21:06.000000,3.62,1.45
2025-04-13 18:21:06.000000,1.45,1.45
2025-04-13 18:36:12.000000,3.61,0.72
2025-04-13 18:36:12.000000,0.72,0.72
2025-04-13 18:51:16.000000,3.61,0.0
2025-04-13 18:51:16.000000,0.0,0.0
2025-04-13 19:06:22.000000,3.61,0.04
2025-04-13 19:06:22.000000,0.04,0.04
2025-04-13 19:21:26.000000,0.03,3.61
2025-04-13 19:21:26.000000,3.61,3.61
2025-04-13 19:36:32.000000,3.6,0.03
2025-04-13 19:36:32.000000,0.03,0.03
2025-04-13 19:51:36.000000,3.6,0.03
2025-04-13 19:51:36.000000,0.03,0.03
2025-04-13 20:06:43.000000,0.03,3.6
2025-04-13 20:06:43.000000,3.6,3.6
2025-04-13 20:21:46.000000,0.03,3.6
2025-04-13 20:21:46.000000,3.6,3.6
2025-04-13 20:36:53.000000,3.59,0.01
2025-04-13 20:36:53.000000,0.01,0.01
2025-04-13 20:51:56.000000,3.59,0.01
2025-04-13 20:51:56.000000,0.01,0.01
2025-04-13 21:07:03.000000,3.59,0.01
2025-04-13 21:07:03.000000,0.01,0.01
2025-04-13 21:22:06.000000,0.01,3.58
2025-04-13 21:22:06.000000,3.58,3.58
2025-04-13 21:37:13.000000,0.01,3.58
2025-04-13 21:37:13.000000,3.58,3.58
2025-04-13 21:52:16.000000,3.58,0.01
2025-04-13 21:52:16.000000,0.01,0.01
2025-04-13 22:07:23.000000,3.58,0.01
2025-04-13 22:07:23.000000,0.01,0.01
2025-04-13 22:22:26.000000,3.57,0.01
2025-04-13 22:22:26.000000,0.01,0.01
2025-04-13 22:37:33.000000,3.57,0.01
2025-04-13 22:37:33.000000,0.01,0.01
2025-04-13 22:52:37.000000,3.57,0.01
2025-04-13 22:52:37.000000,0.01,0.01
2025-04-13 23:07:43.000000,3.57,0.01
2025-04-13 23:07:43.000000,0.01,0.01
2025-04-13 23:22:47.000000,3.57,0.01
2025-04-13 23:22:47.000000,0.01,0.01
2025-04-13 23:37:53.000000,0.01,3.56
2025-04-13 23:37:53.000000,3.56,3.56
2025-04-13 23:52:57.000000,3.56,0.01
2025-04-13 23:52:57.000000,0.01,0.01
2025-04-14 00:08:03.000000,0.01,3.56
2025-04-14 00:08:03.000000,3.56,3.56
2025-04-14 00:23:07.000000,0.01,3.55
2025-04-14 00:23:07.000000,3.55,3.55
2025-04-14 00:38:14.000000,0.01,3.55
2025-04-14 00:38:14.000000,3.55,3.55
2025-04-14 00:53:17.000000,0.01,3.55
2025-04-14 00:53:17.000000,3.55,3.55
2025-04-14 01:08:24.000000,3.55,0.01
2025-04-14 01:08:24.000000,0.01,0.01
2025-04-14 01:23:27.000000,3.54,0.01
2025-04-14 01:23:27.000000,0.01,0.01
2025-04-14 01:23:44.000000,3.54,0.01
2025-04-14 01:23:44.000000,0.01,0.01
2025-04-14 01:23:56.000000,3.54,0.01
2025-04-14 01:23:56.000000,0.01,0.01
2025-04-14 01:39:08.000000,0.01,3.54
2025-04-14 01:39:08.000000,3.54,3.54
2025-04-14 01:54:18.000000,0.01,3.54
2025-04-14 01:54:18.000000,3.54,3.54
2025-04-14 02:39:53.000000,0.01,3.53
2025-04-14 02:39:53.000000,3.53,3.53
2025-04-14 02:55:02.000000,0.01,3.53
2025-04-14 02:55:02.000000,3.53,3.53
2025-04-14 03:10:15.000000,3.53,0.01
2025-04-14 03:10:15.000000,0.01,0.01
2025-04-14 03:25:24.000000,3.52,0.01
2025-04-14 03:25:24.000000,0.01,0.01
2025-04-14 03:40:37.000000,0.03,3.52
2025-04-14 03:40:37.000000,3.52,3.52
2025-04-14 03:55:46.000000,3.52,0.03
2025-04-14 03:55:46.000000,0.03,0.03
2025-04-14 04:10:59.000000,0.04,3.51
2025-04-14 04:10:59.000000,3.51,3.51
2025-04-14 04:26:08.000000,0.07,3.51
2025-04-14 04:26:08.000000,3.51,3.51
2025-04-14 04:41:21.000000,0.52,3.51
2025-04-14 04:41:21.000000,3.51,3.51
2025-04-14 04:56:30.000000,1.39,3.51
2025-04-14 04:56:30.000000,3.51,3.51
2025-04-14 05:11:43.000000,3.51,1.87
2025-04-14 05:11:43.000000,1.87,1.87
2025-04-14 05:26:52.000000,2.44,3.51
2025-04-14 05:26:52.000000,3.51,3.51
2025-04-14 05:42:05.000000,3.53,2.64
2025-04-14 05:42:05.000000,2.64,2.64
2025-04-14 05:57:15.000000,2.66,3.56
2025-04-14 05:57:15.000000,3.56,3.56
2025-04-14 06:42:49.000000,2.79,3.61
2025-04-14 06:42:49.000000,3.61,3.61
2025-04-14 06:57:59.000000,2.87,3.62
2025-04-14 06:57:59.000000,3.62,3.62
2025-04-14 07:13:11.000000,3.62,2.84
2025-04-14 07:13:11.000000,2.84,2.84
2025-04-14 07:28:21.000000,3.81,3.62
2025-04-14 07:28:21.000000,3.62,3.62
2025-04-14 07:43:34.000000,3.82,3.62
2025-04-14 07:43:34.000000,3.62,3.62
2025-04-14 07:58:43.000000,3.82,3.62
2025-04-14 07:58:43.000000,3.62,3.62
2025-04-14 08:13:56.000000,3.81,3.62
2025-04-14 08:13:56.000000,3.62,3.62
2025-04-14 08:29:05.000000,3.81,3.62
2025-04-14 08:29:05.000000,3.62,3.62
2025-04-14 08:44:18.000000,3.62,3.82
2025-04-14 08:44:18.000000,3.82,3.82
2025-04-14 08:59:27.000000,3.62,3.82
2025-04-14 08:59:27.000000,3.82,3.82
2025-04-14 09:14:40.000000,3.7,3.62
2025-04-14 09:14:40.000000,3.62,3.62
2025-04-14 09:29:49.000000,3.8,3.62
2025-04-14 09:29:49.000000,3.62,3.62
2025-04-14 09:45:02.000000,3.8,3.62
2025-04-14 09:45:02.000000,3.62,3.62
2025-04-14 10:00:11.000000,3.62,2.59
2025-04-14 10:00:11.000000,2.59,2.59
2025-04-14 10:45:46.000000,3.62,2.72
2025-04-14 10:45:46.000000,2.72,2.72
2025-04-14 11:00:56.000000,3.81,3.62
2025-04-14 11:00:56.000000,3.62,3.62
2025-04-14 11:16:08.000000,3.62,2.85
2025-04-14 11:16:08.000000,2.85,2.85
2025-04-14 11:31:18.000000,3.82,3.62
2025-04-14 11:31:18.000000,3.62,3.62
2025-04-14 11:46:30.000000,3.77,3.62
2025-04-14 11:46:30.000000,3.62,3.62
2025-04-14 12:01:40.000000,3.62,3.76
2025-04-14 12:01:40.000000,3.76,3.76
2025-04-14 12:16:52.000000,3.62,3.83
2025-04-14 12:16:52.000000,3.83,3.83
2025-04-14 12:32:02.000000,3.81,3.62
2025-04-14 12:32:02.000000,3.62,3.62
2025-04-14 12:47:15.000000,2.82,3.62
2025-04-14 12:47:15.000000,3.62,3.62
2025-04-14 13:02:24.000000,3.62,2.81
2025-04-14 13:02:24.000000,2.81,2.81
2025-04-14 13:17:37.000000,2.66,3.62
2025-04-14 13:17:37.000000,3.62,3.62
2025-04-14 13:32:46.000000,3.82,3.62
2025-04-14 13:32:46.000000,3.62,3.62
2025-04-14 13:47:59.000000,2.74,3.62
2025-04-14 13:47:59.000000,3.62,3.62
2025-04-14 14:03:08.000000,3.62,2.74
2025-04-14 14:03:08.000000,2.74,2.74
2025-04-14 14:48:43.000000,3.62,2.69
2025-04-14 14:48:43.000000,2.69,2.69
2025-04-14 15:03:52.000000,3.62,2.79
2025-04-14 15:03:52.000000,2.79,2.79
2025-04-14 15:19:05.000000,3.63,2.76
2025-04-14 15:19:05.000000,2.76,2.76
2025-04-14 15:34:14.000000,3.63,2.77
2025-04-14 15:34:14.000000,2.77,2.77
2025-04-14 15:49:28.000000,2.79,3.63
2025-04-14 15:49:28.000000,3.63,3.63
2025-04-14 16:04:38.000000,3.62,2.6
2025-04-14 16:04:38.000000,2.6,2.6
2025-04-14 16:19:50.000000,3.38,3.62
2025-04-14 16:19:50.000000,3.62,3.62
2025-04-14 16:35:00.000000,3.62,2.55
2025-04-14 16:35:00.000000,2.55,2.55
2025-04-14 16:50:12.000000,3.62,2.51
2025-04-14 16:50:12.000000,2.51,2.51
2025-04-14 17:05:22.000000,2.45,3.62
2025-04-14 17:05:22.000000,3.62,3.62
2025-04-14 17:50:56.000000,3.62,2.16
2025-04-14 17:50:56.000000,2.16,2.16
2025-04-14 18:06:05.000000,1.95,3.62
2025-04-14 18:06:05.000000,3.62,3.62
2025-04-14 18:21:18.000000,3.62,1.51
2025-04-14 18:21:18.000000,1.51,1.51
2025-04-14 18:36:27.000000,3.62,0.81
2025-04-14 18:36:27.000000,0.81,0.81
2025-04-14 18:51:40.000000,0.11,3.61
2025-04-14 18:51:40.000000,3.61,3.61
2025-04-14 19:06:50.000000,3.61,0.05
2025-04-14 19:06:50.000000,0.05,0.05
2025-04-14 19:22:02.000000,3.61,0.03
2025-04-14 19:22:02.000000,0.03,0.03
2025-04-14 19:37:12.000000,0.03,3.61
2025-04-14 19:37:12.000000,3.61,3.61
2025-04-14 19:52:24.000000,3.6,0.03
2025-04-14 19:52:24.000000,0.03,0.03
2025-04-14 20:07:34.000000,3.6,0.03
2025-04-14 20:07:34.000000,0.03,0.03
2025-04-14 20:22:46.000000,0.03,3.6
2025-04-14 20:22:46.000000,3.6,3.6
2025-04-14 20:37:56.000000,3.6,0.0
2025-04-14 20:37:56.000000,0.0,0.0
2025-04-14 21:23:31.000000,3.59,0.01
2025-04-14 21:23:31.000000,0.01,0.01
2025-04-14 21:38:40.000000,3.58,0.01
2025-04-14 21:38:40.000000,0.01,0.01
2025-04-14 21:53:53.000000,3.58,0.0
2025-04-14 21:53:53.000000,0.0,0.0
2025-04-14 22:09:02.000000,0.01,3.58
2025-04-14 22:09:02.000000,3.58,3.58
2025-04-14 22:24:15.000000,3.58,0.01
2025-04-14 22:24:15.000000,0.01,0.01
2025-04-14 22:39:24.000000,3.57,0.01
2025-04-14 22:39:24.000000,0.01,0.01
2025-04-14 22:54:37.000000,0.01,3.57
2025-04-14 22:54:37.000000,3.57,3.57
2025-04-14 23:09:46.000000,0.01,3.57
2025-04-14 23:09:46.000000,3.57,3.57
2025-04-14 23:24:59.000000,3.57,0.0
2025-04-14 23:24:59.000000,0.0,0.0
2025-04-14 23:40:08.000000,3.56,0.01
2025-04-14 23:40:08.000000,0.01,0.01
2025-04-14 23:55:21.000000,3.56,0.01
2025-04-14 23:55:21.000000,0.01,0.01
2025-04-15 00:10:31.000000,3.56,0.01
2025-04-15 00:10:31.000000,0.01,0.01
2025-04-15 00:25:43.000000,3.56,0.01
2025-04-15 00:25:43.000000,0.01,0.01
2025-04-15 00:40:53.000000,3.55,0.01
2025-04-15 00:40:53.000000,0.01,0.01
2025-04-15 00:56:05.000000,3.55,0.01
2025-04-15 00:56:05.000000,0.01,0.01
2025-04-15 01:11:15.000000,3.55,0.01
2025-04-15 01:11:15.000000,0.01,0.01
2025-04-15 01:26:27.000000,3.55,0.01
2025-04-15 01:26:27.000000,0.01,0.01
2025-04-15 01:41:37.000000,3.54,0.0
2025-04-15 01:41:37.000000,0.0,0.0
2025-04-15 01:56:50.000000,3.54,0.01
2025-04-15 01:56:50.000000,0.01,0.01
2025-04-15 02:11:59.000000,0.01,3.54
2025-04-15 02:11:59.000000,3.54,3.54
2025-04-15 02:27:12.000000,0.01,3.54
2025-04-15 02:27:12.000000,3.54,3.54
2025-04-15 02:42:21.000000,0.01,3.53
2025-04-15 02:42:21.000000,3.53,3.53
2025-04-15 02:57:36.000000,0.01,3.53
2025-04-15 02:57:36.000000,3.53,3.53
2025-04-15 03:12:45.000000,3.53,0.0
2025-04-15 03:12:45.000000,0.0,0.0
2025-04-15 03:27:58.000000,3.53,0.0
2025-04-15 03:27:58.000000,0.0,0.0
2025-04-15 03:43:07.000000,0.02,3.52
2025-04-15 03:43:07.000000,3.52,3.52
2025-04-15 03:58:20.000000,3.52,0.03
2025-04-15 03:58:20.000000,0.03,0.03
2025-04-15 04:13:29.000000,3.52,0.06
2025-04-15 04:13:29.000000,0.06,0.06
2025-04-15 04:28:42.000000,3.52,0.32
2025-04-15 04:28:42.000000,0.32,0.32
2025-04-15 04:43:51.000000,3.51,1.18
2025-04-15 04:43:51.000000,1.18,1.18
2025-04-15 04:59:04.000000,3.51,1.73
2025-04-15 04:59:04.000000,1.73,1.73
2025-04-15 05:14:14.000000,2.01,3.51
2025-04-15 05:14:14.000000,3.51,3.51
2025-04-15 05:29:26.000000,3.52,2.32
2025-04-15 05:29:26.000000,2.32,2.32
2025-04-15 05:44:36.000000,3.52,2.43
2025-04-15 05:44:36.000000,2.43,2.43
2025-04-15 06:30:10.000000,3.59,3.5
2025-04-15 06:30:10.000000,3.5,3.5
2025-04-15 06:45:20.000000,3.5,3.62
2025-04-15 06:45:20.000000,3.62,3.62
2025-04-15 07:00:33.000000,2.73,3.62
2025-04-15 07:00:33.000000,3.62,3.62
2025-04-15 07:15:42.000000,2.78,3.62
2025-04-15 07:15:42.000000,3.62,3.62
2025-04-15 07:30:55.000000,2.8,3.62
2025-04-15 07:30:55.000000,3.62,3.62
2025-04-15 07:46:04.000000,3.62,2.8
2025-04-15 07:46:04.000000,2.8,2.8
2025-04-15 08:01:17.000000,2.74,3.62
2025-04-15 08:01:17.000000,3.62,3.62
2025-04-15 08:16:26.000000,2.61,3.62
2025-04-15 08:16:26.000000,3.62,3.62
2025-04-15 08:31:39.000000,2.61,3.62
2025-04-15 08:31:39.000000,3.62,3.62
2025-04-15 08:46:48.000000,3.62,2.59
2025-04-15 08:46:48.000000,2.59,2.59
2025-04-15 09:02:01.000000,2.56,3.62
2025-04-15 09:02:01.000000,3.62,3.62
2025-04-15 09:17:10.000000,2.55,3.62
2025-04-15 09:17:10.000000,3.62,3.62
2025-04-15 09:32:23.000000,3.62,2.61
2025-04-15 09:32:23.000000,2.61,2.61
2025-04-15 09:47:32.000000,3.62,2.62
2025-04-15 09:47:32.000000,2.62,2.62
2025-04-15 10:02:45.000000,2.71,3.62
2025-04-15 10:02:45.000000,3.62,3.62
2025-04-15 10:17:55.000000,2.73,3.62
2025-04-15 10:17:55.000000,3.62,3.62
2025-04-15 10:33:07.000000,3.62,2.78
2025-04-15 10:33:07.000000,2.78,2.78
2025-04-15 10:48:17.000000,3.63,2.88
2025-04-15 10:48:17.000000,2.88,2.88
2025-04-15 11:03:29.000000,3.63,2.92
2025-04-15 11:03:29.000000,2.92,2.92
2025-04-15 11:18:39.000000,2.89,3.63
2025-04-15 11:18:39.000000,3.63,3.63
2025-04-15 11:33:51.000000,2.84,3.63
2025-04-15 11:33:51.000000,3.63,3.63
2025-04-15 11:49:01.000000,3.63,3.71
2025-04-15 11:49:01.000000,3.71,3.71
2025-04-15 12:04:14.000000,3.77,3.62
2025-04-15 12:04:14.000000,3.62,3.62
2025-04-15 12:19:23.000000,3.71,3.62
2025-04-15 12:19:23.000000,3.62,3.62
2025-04-15 12:34:36.000000,3.63,3.83
2025-04-15 12:34:36.000000,3.83,3.83
2025-04-15 12:49:45.000000,3.63,3.66
2025-04-15 12:49:45.000000,3.66,3.66
2025-04-15 13:04:58.000000,2.87,3.63
2025-04-15 13:04:58.000000,3.63,3.63
2025-04-15 13:20:07.000000,2.81,3.63
2025-04-15 13:20:07.000000,3.63,3.63
2025-04-15 13:35:20.000000,2.86,3.63
2025-04-15 13:35:20.000000,3.63,3.63
2025-04-15 13:50:29.000000,2.71,3.62
2025-04-15 13:50:29.000000,3.62,3.62
2025-04-15 14:05:42.000000,2.71,3.62
2025-04-15 14:05:42.000000,3.62,3.62
2025-04-15 14:20:51.000000,3.63,2.87
2025-04-15 14:20:51.000000,2.87,2.87
2025-04-15 14:36:04.000000,2.75,3.62
2025-04-15 14:36:04.000000,3.62,3.62
2025-04-15 14:51:13.000000,2.74,3.63
2025-04-15 14:51:13.000000,3.63,3.63
2025-04-15 15:06:26.000000,2.59,3.62
2025-04-15 15:06:26.000000,3.62,3.62
2025-04-15 15:21:36.000000,2.6,3.62
2025-04-15 15:21:36.000000,3.62,3.62
2025-04-15 15:36:48.000000,2.55,3.62
2025-04-15 15:36:48.000000,3.62,3.62
2025-04-15 15:51:58.000000,3.62,2.71
2025-04-15 15:51:58.000000,2.71,2.71
2025-04-15 16:07:10.000000,3.62,2.66
2025-04-15 16:07:10.000000,2.66,2.66
2025-04-15 16:22:20.000000,3.62,2.68
2025-04-15 16:22:20.000000,2.68,2.68
2025-04-15 16:37:32.000000,3.62,2.58
2025-04-15 16:37:32.000000,2.58,2.58
2025-04-15 16:52:42.000000,2.56,3.62
2025-04-15 16:52:42.000000,3.62,3.62
2025-04-15 17:07:55.000000,3.62,2.55
2025-04-15 17:07:55.000000,2.55,2.55
2025-04-15 17:23:04.000000,2.24,3.62
2025-04-15 17:23:04.000000,3.62,3.62
2025-04-15 17:38:17.000000,3.62,2.13
2025-04-15 17:38:17.000000,2.13,2.13
2025-04-15 17:53:26.000000,2.05,3.62
2025-04-15 17:53:26.000000,3.62,3.62
2025-04-15 18:39:00.000000,0.69,3.61
2025-04-15 18:39:00.000000,3.61,3.61
2025-04-15 18:54:10.000000,0.04,3.61
2025-04-15 18:54:10.000000,3.61,3.61
2025-04-15 19:09:22.000000,3.61,0.03
2025-04-15 19:09:22.000000,0.03,0.03
2025-04-15 19:24:32.000000,0.03,3.61
2025-04-15 19:24:32.000000,3.61,3.61
2025-04-15 19:39:44.000000,0.03,3.6
2025-04-15 19:39:44.000000,3.6,3.6
2025-04-15 19:54:54.000000,3.6,0.03
2025-04-15 19:54:54.000000,0.03,0.03
2025-04-15 20:10:07.000000,0.03,3.6
2025-04-15 20:10:07.000000,3.6,3.6
2025-04-15 20:25:16.000000,0.03,3.6
2025-04-15 20:25:16.000000,3.6,3.6
2025-04-15 20:40:29.000000,3.59,0.01
2025-04-15 20:40:29.000000,0.01,0.01
2025-04-15 20:55:38.000000,3.59,0.01
2025-04-15 20:55:38.000000,0.01,0.01
2025-04-15 21:10:51.000000,3.59,0.01
2025-04-15 21:10:51.000000,0.01,0.01
2025-04-15 21:26:00.000000,0.01,3.58
2025-04-15 21:26:00.000000,3.58,3.58
2025-04-15 21:41:13.000000,3.58,0.01
2025-04-15 21:41:13.000000,0.01,0.01
2025-04-15 21:56:22.000000,3.58,0.01
2025-04-15 21:56:22.000000,0.01,0.01
2025-04-15 22:11:35.000000,0.01,3.58
2025-04-15 22:11:35.000000,3.58,3.58
2025-04-15 22:26:44.000000,3.57,0.01
2025-04-15 22:26:44.000000,0.01,0.01
2025-04-15 22:41:57.000000,3.57,0.0
2025-04-15 22:41:57.000000,0.0,0.0
2025-04-15 22:57:06.000000,0.0,3.57
2025-04-15 22:57:06.000000,3.57,3.57
2025-04-15 23:12:19.000000,3.57,0.01
2025-04-15 23:12:19.000000,0.01,0.01
2025-04-15 23:27:29.000000,3.56,0.0
2025-04-15 23:27:29.000000,0.0,0.0
2025-04-15 23:42:41.000000,3.56,0.01
2025-04-15 23:42:41.000000,0.01,0.01
2025-04-15 23:57:51.000000,3.56,0.01
2025-04-15 23:57:51.000000,0.01,0.01
2025-04-16 00:13:03.000000,3.56,0.01
2025-04-16 00:13:03.000000,0.01,0.01
2025-04-16 00:28:13.000000,3.55,0.01
2025-04-16 00:28:13.000000,0.01,0.01
2025-04-16 00:43:25.000000,3.55,0.01
2025-04-16 00:43:25.000000,0.01,0.01
2025-04-16 00:58:35.000000,3.55,0.01
2025-04-16 00:58:35.000000,0.01,0.01
2025-04-16 01:13:48.000000,3.55,0.0
2025-04-16 01:13:48.000000,0.0,0.0
2025-04-16 01:28:57.000000,3.54,0.01
2025-04-16 01:28:57.000000,0.01,0.01
2025-04-16 01:44:10.000000,3.54,0.01
2025-04-16 01:44:10.000000,0.01,0.01
2025-04-16 01:59:19.000000,0.0,3.54
2025-04-16 01:59:19.000000,3.54,3.54
2025-04-16 02:14:32.000000,3.54,0.01
2025-04-16 02:14:32.000000,0.01,0.01
2025-04-16 02:29:41.000000,3.53,0.01
2025-04-16 02:29:41.000000,0.01,0.01
2025-04-16 02:44:54.000000,0.01,3.53
2025-04-16 02:44:54.000000,3.53,3.53
2025-04-16 03:00:03.000000,3.53,0.01
2025-04-16 03:00:03.000000,0.01,0.01
2025-04-16 03:15:16.000000,0.01,3.53
2025-04-16 03:15:16.000000,3.53,3.53
2025-04-16 03:30:25.000000,0.01,3.52
2025-04-16 03:30:25.000000,3.52,3.52
2025-04-16 03:45:38.000000,3.52,0.03
2025-04-16 03:45:38.000000,0.03,0.03
2025-04-16 04:00:48.000000,0.04,3.52
2025-04-16 04:00:48.000000,3.52,3.52
2025-04-16 04:16:00.000000,0.06,3.52
2025-04-16 04:16:00.000000,3.52,3.52
2025-04-16 04:31:10.000000,3.51,1.0
2025-04-16 04:31:10.000000,1.0,1.0
2025-04-16 04:46:22.000000,1.04,3.51
2025-04-16 04:46:22.000000,3.51,3.51
2025-04-16 05:01:32.000000,1.76,3.51
2025-04-16 05:01:32.000000,3.51,3.51
2025-04-16 05:16:44.000000,1.79,3.51
2025-04-16 05:16:44.000000,3.51,3.51
2025-04-16 05:31:54.000000,2.31,3.53
2025-04-16 05:31:54.000000,3.53,3.53
2025-04-16 05:47:06.000000,2.41,3.55
2025-04-16 05:47:06.000000,3.55,3.55
2025-04-16 06:02:16.000000,3.58,2.58
2025-04-16 06:02:16.000000,2.58,2.58
2025-04-16 06:17:29.000000,2.51,3.59
2025-04-16 06:17:29.000000,3.59,3.59
2025-04-16 06:32:38.000000,2.73,3.61
2025-04-16 06:32:38.000000,3.61,3.61
2025-04-16 06:47:51.000000,2.68,3.63
2025-04-16 06:47:51.000000,3.63,3.63
2025-04-16 07:03:00.000000,2.68,3.63
2025-04-16 07:03:00.000000,3.63,3.63
2025-04-16 07:18:13.000000,3.63,3.82
2025-04-16 07:18:13.000000,3.82,3.82
2025-04-16 07:33:22.000000,3.63,3.82
2025-04-16 07:33:22.000000,3.82,3.82
2025-04-16 07:48:35.000000,3.63,2.84
2025-04-16 07:48:35.000000,2.84,2.84
2025-04-16 08:03:44.000000,2.62,3.62
2025-04-16 08:03:44.000000,3.62,3.62
2025-04-16 08:18:57.000000,2.35,3.62
2025-04-16 08:18:57.000000,3.62,3.62
2025-04-16 08:34:06.000000,3.62,2.32
2025-04-16 08:34:06.000000,2.32,2.32
2025-04-16 08:49:19.000000,3.63,2.18
2025-04-16 08:49:19.000000,2.18,2.18
2025-04-16 09:04:29.000000,2.15,3.63
2025-04-16 09:04:29.000000,3.63,3.63
2025-04-16 09:19:41.000000,2.19,3.63
2025-04-16 09:19:41.000000,3.63,3.63
2025-04-16 09:34:51.000000,3.63,2.28
2025-04-16 09:34:51.000000,2.28,2.28
2025-04-16 09:50:03.000000,3.63,2.3
2025-04-16 09:50:03.000000,2.3,2.3
2025-04-16 10:05:13.000000,2.47,3.63
2025-04-16 10:05:13.000000,3.63,3.63
2025-04-16 10:20:25.000000,2.39,3.63
2025-04-16 10:20:25.000000,3.63,3.63
2025-04-16 10:35:35.000000,2.48,3.63
2025-04-16 10:35:35.000000,3.63,3.63
2025-04-16 10:50:48.000000,2.34,3.63
2025-04-16 10:50:48.000000,3.63,3.63
2025-04-16 11:05:57.000000,2.43,3.63
2025-04-16 11:05:57.000000,3.63,3.63
2025-04-16 11:21:10.000000,3.63,2.43
2025-04-16 11:21:10.000000,2.43,2.43
2025-04-16 11:36:19.000000,2.44,3.63
2025-04-16 11:36:19.000000,3.63,3.63
2025-04-16 11:51:34.000000,3.63,2.33
2025-04-16 11:51:34.000000,2.33,2.33
2025-04-16 12:06:43.000000,2.24,3.63
2025-04-16 12:06:43.000000,3.63,3.63
2025-04-16 12:52:18.000000,3.63,2.53
2025-04-16 12:52:18.000000,2.53,2.53
2025-04-16 13:07:27.000000,2.63,3.63
2025-04-16 13:07:27.000000,3.63,3.63
2025-04-16 13:53:02.000000,2.66,3.63
2025-04-16 13:53:02.000000,3.63,3.63
2025-04-16 14:08:12.000000,3.63,2.66
2025-04-16 14:08:12.000000,2.66,2.66
2025-04-16 14:23:24.000000,2.55,3.63
2025-04-16 14:23:24.000000,3.63,3.63
2025-04-16 14:38:34.000000,2.51,3.63
2025-04-16 14:38:34.000000,3.63,3.63
2025-04-16 15:24:08.000000,2.42,3.63
2025-04-16 15:24:08.000000,3.63,3.63
2025-04-16 15:39:18.000000,3.63,2.32
2025-04-16 15:39:18.000000,2.32,2.32
2025-04-16 15:54:31.000000,2.04,3.63
2025-04-16 15:54:31.000000,3.63,3.63
2025-04-16 16:09:40.000000,2.21,3.63
2025-04-16 16:09:40.000000,3.63,3.63
2025-04-16 16:24:53.000000,2.35,3.63
2025-04-16 16:24:53.000000,3.63,3.63
2025-04-16 16:40:02.000000,2.23,3.63
2025-04-16 16:40:02.000000,3.63,3.63
2025-04-16 16:55:15.000000,3.63,2.26
2025-04-16 16:55:15.000000,2.26,2.26
2025-04-16 17:10:24.000000,2.19,3.63
2025-04-16 17:10:24.000000,3.63,3.63
2025-04-16 17:25:37.000000,1.95,3.63
2025-04-16 17:25:37.000000,3.63,3.63
2025-04-16 17:40:46.000000,1.84,3.63
2025-04-16 17:40:46.000000,3.63,3.63
2025-04-16 17:40:57.000000,1.83,3.62
2025-04-16 17:40:57.000000,3.62,3.62
2025-04-16 17:41:06.000000,3.62,1.82
2025-04-16 17:41:06.000000,1.82,1.82
2025-04-16 17:56:00.000000,3.62,1.66
2025-04-16 17:56:00.000000,1.66,1.66
2025-04-16 18:10:52.000000,3.62,1.28
2025-04-16 18:10:52.000000,1.28,1.28
2025-04-16 18:25:47.000000,3.62,0.72
2025-04-16 18:25:47.000000,0.72,0.72
2025-04-16 18:40:38.000000,3.62,0.3
2025-04-16 18:40:38.000000,0.3,0.3
2025-04-16 19:25:19.000000,3.61,0.03
2025-04-16 19:25:19.000000,0.03,0.03
2025-04-16 19:40:10.000000,0.03,3.61
2025-04-16 19:40:10.000000,3.61,3.61
2025-04-16 19:55:05.000000,3.6,0.02
2025-04-16 19:55:05.000000,0.02,0.02
2025-04-16 20:09:57.000000,0.03,3.6
2025-04-16 20:09:57.000000,3.6,3.6
2025-04-16 20:24:51.000000,0.02,3.6
2025-04-16 20:24:51.000000,3.6,3.6
2025-04-16 20:39:43.000000,3.59,0.0
2025-04-16 20:39:43.000000,0.0,0.0
2025-04-16 20:54:38.000000,0.0,3.59
2025-04-16 20:54:38.000000,3.59,3.59
2025-04-16 21:09:29.000000,3.59,0.0
2025-04-16 21:09:29.000000,0.0,0.0
2025-04-16 21:24:24.000000,0.0,3.59
2025-04-16 21:24:24.000000,3.59,3.59
2025-04-16 21:39:16.000000,0.0,3.58
2025-04-16 21:39:16.000000,3.58,3.58
2025-04-16 21:54:11.000000,3.58,0.0
2025-04-16 21:54:11.000000,0.0,0.0
2025-04-16 22:09:02.000000,0.0,3.58
2025-04-16 22:09:02.000000,3.58,3.58
2025-04-16 22:23:57.000000,3.58,0.0
2025-04-16 22:23:57.000000,0.0,0.0
2025-04-16 22:38:48.000000,3.57,0.0
2025-04-16 22:38:48.000000,0.0,0.0
2025-04-16 23:23:30.000000,0.0,3.57
2025-04-16 23:23:30.000000,3.57,3.57
2025-04-16 23:38:21.000000,0.0,3.56
2025-04-16 23:38:21.000000,3.56,3.56
2025-04-16 23:53:16.000000,3.56,0.0
2025-04-16 23:53:16.000000,0.0,0.0
2025-04-17 00:08:08.000000,3.56,0.0
2025-04-17 00:08:08.000000,0.0,0.0
2025-04-17 00:23:02.000000,0.0,3.56
2025-04-17 00:23:02.000000,3.56,3.56
2025-04-17 00:37:54.000000,3.55,0.0
2025-04-17 00:37:54.000000,0.0,0.0
2025-04-17 00:52:49.000000,0.0,3.55
2025-04-17 00:52:49.000000,3.55,3.55
2025-04-17 01:07:40.000000,0.0,3.55
2025-04-17 01:07:40.000000,3.55,3.55
2025-04-17 01:22:35.000000,3.55,0.0
2025-04-17 01:22:35.000000,0.0,0.0
2025-04-17 01:37:27.000000,3.54,0.0
2025-04-17 01:37:27.000000,0.0,0.0
2025-04-17 01:52:21.000000,0.0,3.54
2025-04-17 01:52:21.000000,3.54,3.54
2025-04-17 02:07:13.000000,3.54,0.0
2025-04-17 02:07:13.000000,0.0,0.0
2025-04-17 02:22:08.000000,3.54,0.0
2025-04-17 02:22:08.000000,0.0,0.0
2025-04-17 02:36:59.000000,3.53,0.0
2025-04-17 02:36:59.000000,0.0,0.0
2025-04-17 02:51:54.000000,3.53,0.0
2025-04-17 02:51:54.000000,0.0,0.0
2025-04-17 03:06:46.000000,3.53,0.0
2025-04-17 03:06:46.000000,0.0,0.0
2025-04-17 03:21:40.000000,0.01,3.53
2025-04-17 03:21:40.000000,3.53,3.53
2025-04-17 03:36:32.000000,0.03,3.53
2025-04-17 03:36:32.000000,3.53,3.53
2025-04-17 03:51:27.000000,3.52,0.03
2025-04-17 03:51:27.000000,0.03,0.03
2025-04-17 04:06:18.000000,0.03,3.52
2025-04-17 04:06:18.000000,3.52,3.52
2025-04-17 04:21:13.000000,3.52,0.06
2025-04-17 04:21:13.000000,0.06,0.06
2025-04-17 04:36:05.000000,3.52,0.2
2025-04-17 04:36:05.000000,0.2,0.2
2025-04-17 04:50:59.000000,0.52,3.51
2025-04-17 04:50:59.000000,3.51,3.51
2025-04-17 05:05:51.000000,3.51,0.97
2025-04-17 05:05:51.000000,0.97,0.97
2025-04-17 05:20:46.000000,3.51,1.82
2025-04-17 05:20:46.000000,1.82,1.82
2025-04-17 05:35:37.000000,3.51,1.92
2025-04-17 05:35:37.000000,1.92,1.92
2025-04-17 06:20:19.000000,2.15,3.51
2025-04-17 06:20:19.000000,3.51,3.51
2025-04-17 06:35:10.000000,2.17,3.52
2025-04-17 06:35:10.000000,3.52,3.52
2025-04-17 06:50:05.000000,3.52,2.33
2025-04-17 06:50:05.000000,2.33,2.33
2025-04-17 07:04:56.000000,3.53,2.55
2025-04-17 07:04:56.000000,2.55,2.55
2025-04-17 07:19:51.000000,2.52,3.55
2025-04-17 07:19:51.000000,3.55,3.55
2025-04-17 07:34:43.000000,3.56,2.58
2025-04-17 07:34:43.000000,2.58,2.58
2025-04-17 07:49:38.000000,2.57,3.58
2025-04-17 07:49:38.000000,3.58,3.58
2025-04-17 08:04:29.000000,2.47,3.59
2025-04-17 08:04:29.000000,3.59,3.59
2025-04-17 08:19:24.000000,2.66,3.61
2025-04-17 08:19:24.000000,3.61,3.61
2025-04-17 08:34:16.000000,2.61,3.62
2025-04-17 08:34:16.000000,3.62,3.62
2025-04-17 08:49:10.000000,2.71,3.63
2025-04-17 08:49:10.000000,3.63,3.63
